3356 5156
645 451 689 460 -
737 414 820 494 ’,3651
868 449 911 458 -

212 628 285 712 poio
316 631 365 692 est
393 622 479 708 apud
509 621 616 686 Plaut.
647 619 732 685 Men.
762 622 844 699 1,1‚
866 619 895 680 1.
942 616 1039 682 Mero.
1073 616 1102 696 3,
1127 621 1159 693 1,
1181 617 1237 692 463
1272 615 1346 680 Ter.

211 731 290 797 Hec.
318 732 348 808 1,
370 731 476 807 1,11;
502 725 597 790 Lucr.
617 725 648 799 6,
670 725 751 785 1103
774 728 835 786 etc.

298 829 472 896 Rarissimc
494 827 560 911 legi
582 826 617 891 in
633 823 761 908 scriptis
776 843 797 888 a
812 841 862 887 me
877 820 1060 904 perquisitis
1076 843 1110 884 eo
1127 821 1226 903 qaod:
1251 821 1345 886 Corn.

212 935 272 1011 III,
292 936 321 1013 8,
343 937 394 996 15.
419 931 475 1013 IV,
497 934 604 1010 11,16
627 928 687 1009 bis,
714 925 893 1008 exquibus
915 922 994 988 locis
1017 923 1144 989 tertium
1168 930 1350 1007 suspectum

214 1034 311 1101 habet
333 1034 516 1118 Kayserus3
544 1030 611 1096 Cic.
636 1031 701 1096 inv.
728 1031 754 1110 1,
774 1032 826 1111 30,
845 1029 898 1090 48.

298 1137 364 1202 Eos
392 1141 516 1200 tantum
547 1132 804 1198 enumeravimus
831 1131 935 1210 locos,
972 1128 1088 1211 quibus
1121 1128 1351 1212 praecedentes

213 1239 391 1324 particulae
406 1245 591 1319 propterea,
617 1234 696 1312 ideo,
723 1255 757 1296 eo
779 1233 867 1298 nullo
884 1232 1038 1297 vocabulo
1053 1230 1242 1314 interposito
1258 1250 1352 1315 sepa-

213 1348 322 1408 rantur
344 1361 365 1405 a
386 1337 596 1421 sequentibus
619 1335 711 1418 qaod,
736 1334 820 1416 quic.
868 1333 951 1398 Nam
981 1332 1027 1398 sic
1049 1339 1173 1397 tantum
1196 1332 1353 1399 formulae

213 1445 290 1509 illae
313 1440 518 1524 loquacitatis
540 1435 664 1518 aliquid
686 1434 830 1518 vulgaris
860 1435 1021 1519 praeferre
1042 1433 1208 1513 videntum
1242 1443 1353 1502 contra

215 1545 499 1628 quotienscumque
522 1540 685 1606 seiunctae
708 1544 782 1604 sunt
803 1537 886 1602 inter
908 1557 943 1603 se
966 1537 1113 1620 singulae
1128 1557 1235 1620 voees,
1262 1557 1354 1604 suam

217 1665 362 1730 quaeque
383 1644 501 1710 retinet
521 1641 587 1708 rim
609 1661 648 1708 ac
670 1639 840 1706 notionem.
888 1641 935 1705 Ae
961 1648 1130 1723 propterea
1152 1642 1236 1723 qood
1255 1643 1354 1707 verba

220 1750 287 1816 fere
310 1766 436 1830 semper
450 1746 620 1811 coniuncta
635 1745 803 1826 leguntur3
828 1742 861 1807 in
877 1741 918 1808 iis
934 1742 974 1808 de
989 1742 1106 1824 quibus
1121 1743 1248 1826 agimus
1263 1744 1354 1810 libris

217 1872 280 1918 non
295 1851 369 1934 plus
385 1849 508 1914 duobus
530 1847 610 1912 locis
631 1845 742 1912 addita
765 1846 808 1912 ad
825 1853 997 1928 propterea
1011 1846 1169 1930 particula
1185 1869 1242 1929 que
1258 1848 1356 1912 verba

217 1954 275 2018 illa
291 1953 374 2016 inter
390 1970 425 2017 11
441 1956 592 2034 separata
607 1955 694 2015 sunt:
723 1947 817 2013 Corn.
836 1949 879 2028 ΙΙ,
899 1951 950 2030 14,
967 1950 1007 2012 38
1027 1957 1258 2034 proptereaque
1280 1950 1355 2014 dili-

216 2056 341 2141 911111
364 2053 591 2119 consideranda
613 2060 686 2116 suot
700 2051 785 2137 quod
806 2058 878 2127 etc.;
904 2050 971 2116 cio.
989 2051 1054 2116 inv.
1074 2053 1101 2132 Ι,
1123 2055 1233 2128 18,15
1254 2075 1355 2136 prop-

218 2170 362 2244 tereaque
384 2157 420 2222 id
440 2157 556 2240 optime
568 2155 760 2241 faciendum
782 2162 830 2218 111
852 2154 935 2238 quod
955 2157 1060 2238 1111).

306 2264 386 2326 Ideo
408 2281 480 2327 cum
503 2278 545 2324 ex
567 2260 603 2322 id
623 2264 655 2324 et
678 2281 713 2321 eo
735 2257 781 2322 ita
803 2256 1014 2341 compositum
1043 2276 1116 2323 esse
1139 2259 1294 2342 videatur,
1322 2267 1357 2324 ut

217 2365 281 2430 duo
303 2364 361 2428 illa
375 2363 474 2428 verba
492 2360 648 2445 paulatim
664 2360 698 2423 in
713 2379 811 2425 unum
827 2358 1031 2442 coaluerint2)
1066 2359 1117 2442 (cf.
1136 2351 1241 2427 Plaut.
1260 2362 1353 2428 Cure.

222 2472 249 2548 1,
272 2471 301 2542 1,
320 2469 357 2529 61
384 2462 420 2527 id
439 2487 474 2528 co
483 2463 543 2546 fit,
568 2462 618 2525 laic
640 2462 715 2548 quio
737 2463 806 2526 leae
830 2469 976 2546 aeqrotoc
1001 2461 1137 2527 iaccbat.
1164 2464 1246 2529 Rud.
1273 2467 1353 2549 prol.

220 2571 260 2630 14
283 2574 316 2632 11
337 2573 356 2650 .)
371 2568 407 2649 ³),
439 2567 480 2631 ab
502 2564 594 2631 initio
616 2564 658 2630 ad
680 2564 763 2630 duas
785 2563 980 2647 pertinuisse
1001 2565 1237 2633 enuntiationes
1259 2569 1358 2634 verba

221 2669 288 2733 ideo
312 2670 396 2752 qood
416 2674 664 2735 consentaneum
688 2674 752 2745 est;
778 2667 866 2733 velut
888 2667 984 2734 Corn.
1010 2667 1052 2750 Π,
1072 2670 1102 2750 8,
1126 2671 1163 2731 11
1186 2691 1284 2752 oeque
1308 2677 1358 2733 tc-

219 2795 288 2836 mco
311 2772 342 2836 ei
360 2771 483 2835 rumori
503 2793 559 2834 oce
568 2771 673 2854 fldem
701 2770 816 2835 habere
845 2770 981 2834 docemus
1010 2769 1079 2834 ideo
1110 2772 1196 2855 quod
1215 2780 1273 2838 etc.
1299 2772 1358 2838 hoc

215 2875 287 2941 vfere
309 2875 402 2940 modo
424 2874 650 2958 explicandum
672 2873 816 2939 videtur:
852 2895 950 2957 oeque
981 2882 1084 2938 tumeo
1111 2874 1142 2936 ei
1161 2874 1283 2938 rumori
1302 2897 1359 2938 ooo

207 2977 312 3061 fidem
333 2977 447 3040 tacere
469 2977 607 3039 dicemus
615 3003 627 3049 ,·
650 2976 684 3038 td
696 2975 859 3059 faciemus
881 3000 915 3040 eo
938 2978 1023 3060 qood
1044 2984 1102 3040 etc.
1146 2977 1260 3058 Itaque
1283 2977 1358 3043 olim

221 3077 348 3160 quidem
371 3096 506 3142 necesse
529 3084 597 3143 erat
619 3077 681 3143 duo
704 3076 761 3142 illa
781 3078 882 3143 verba
903 3078 972 3141 ideo
994 3079 1080 3162 qood
1105 3078 1138 3142 in
1160 3077 1223 3143 fine
1245 3080 1359 3162 prioris

223 3179 450 3245 enuntiationis
472 3178 563 3243 nulla
579 3179 650 3244 alia
673 3198 752 3244 voce
773 3179 961 3263 interposita
989 3179 1139 3245 continuo
1169 3199 1241 3246 sese
1272 3182 1360 3246 exci-

223 3302 307 3367 pere.
348 3281 390 3347 Et
411 3303 452 3349 ex
475 3281 697 3365 duodeviginti
720 3282 886 3366 exemptio,
912 3281 1027 3362 quibus
1049 3282 1138 3366 apud
1156 3282 1359 3348 Gomificium

223 3392 255 3451 et
277 3385 461 3451 Ciceronem
484 3372 622 3450 formula
642 3385 701 3450 illa
723 3384 848 3468 legitur,
882 3383 914 3448 in
944 3383 1126 3466 quindecim
1155 3385 1234 3450 locis
1264 3405 1361 3470 supra

223 3487 357 3554 anobis
381 3487 488 3553 allatis
510 3508 597 3554 more
620 3487 844 3574 antiquissimo
866 3486 1069 3553 coniunctum
1098 3494 1147 3552 est
1168 3487 1237 3552 ideo
1261 3490 1357 3572 qood;

224 3597 272 3655 ter
293 3589 374 3655 haec
396 3590 494 3654 verba
516 3589 600 3656 inter
621 3610 657 3656 se
680 3595 832 3675 separata
852 3595 936 3671 sunt,
963 3589 1049 3671 quod
1068 3594 1133 3653 tum
1149 3588 1277 3655 demum
1292 3590 1362 3656 fieri

224 3698 366 3776 poteret,
400 3698 570 3774 postquam
599 3693 707 3774 qualis
729 3699 816 3758 esset
838 3692 927 3775 origo
949 3690 1045 3756 huius
1073 3697 1248 3757 structurae
1272 3692 1362 3759 obliti

297 3829 312 3890 1)
329 3825 457 3880 Eundem
469 3841 549 3880 usum
557 3835 741 3898 propterea-
751 3830 821 3898 qaod
829 3827 1029 3882 vocabulorum
1041 3831 1233 3894 separatorum
1245 3827 1273 3881 in
1286 3834 1363 3884 ceto-

225 3913 264 3966 ris
277 3911 421 3966 Ciceronis
439 3911 611 3980 aliorumque
629 3914 794 3980 scriptorum
813 3913 892 3968 libris
910 3927 965 3966 non
981 3913 1070 3980 magis
1089 3914 1185 3968 curavi
1205 3929 1286 3983 quam
1306 3916 1363 3968 ideo

226 3997 360 4068 quoniam,
381 4015 410 4050 cc
429 3996 492 4066 qaia
509 3998 675 4052 locutiones.
723 4005 730 4032 ’

294 4083 313 4150 1)
335 4083 490 4138 Rarissime
517 4084 575 4136 ideo
599 4083 685 4153 prisci
706 4088 807 4152 poetae
825 4083 944 4138 Romani
968 4083 1167 4150 adhibuerunt,
1192 4087 1276 4153 paulo
1300 4100 1363 4140 sae-

227 4168 288 4232 pius
306 4167 413 4233 idcirco,
434 4167 597 4238 saepissime
615 4185 651 4221 co.

296 4251 314 4315 ³)
341 4251 385 4306 Of.
411 4253 495 4308 etiam
519 4268 549 4308 e.-
564 4270 592 4322 g.
612 4253 704 4307 Plaut.
724 4252 824 4322 Amph.
846 4256 871 4320 2,
886 4256 911 4318 1,
928 4256 977 4306 114
996 4261 1025 4309 11
1044 4255 1107 4309 Ter.
1127 4254 1229 4310 Heaut.
1250 4256 1363 4320 3,1,96

229 4353 258 4386 eo
269 4338 317 4406 fit,
338 4335 401 4403 quia
420 4376 426 4388 .
444 4377 472 4388 ..

1141 4426 1156 4475 2
