3356 5156
301 433 360 493 roc
732 468 775 476 -
823 431 906 511 04000
953 467 997 475 -

298 618 389 702 intimi]
423 617 628 697 exordienda,
663 617 721 683 sed
748 616 794 682 ita
816 624 852 682 ut
881 618 1003 684 incerta
1031 619 1111 682 imas
1137 620 1198 702 [vel
1220 619 1283 703 im'l
1308 620 1432 688 littera-

296 741 366 787 rum
389 720 527 805 vestigIa
550 726 767 805 superessent.
807 719 997 786 Huiusmodi
1020 728 1126 787 autem
1142 722 1266 789 lacunis
1282 745 1345 790 000
1361 745 1432 790 raro

296 825 418 907 aliquot
439 825 563 890 litteras
586 824 719 890 haustas
743 844 816 890 esse
834 824 867 888 in
884 824 992 892 codiee
1008 826 1183 912 archetypo
1199 827 1292 894 docet
1306 827 1427 908 Simon,

296 930 318 994 l.
343 929 366 992 l.
391 929 408 992 I
429 949 504 1012 pag.
526 930 611 1010 lsq.
657 927 770 1011 Itaque
797 928 930 994 alterius
960 929 1079 995 codicis
1103 951 1142 996 ex
1165 930 1236 1016 ipso
1258 932 1432 1018 archetypo

296 1030 450 1116 descripti
465 1029 646 1115 librarius1)
667 1032 829 1110 lacunam,
853 1033 938 1114 quae
954 1039 1024 1099 erat
1037 1032 1071 1097 in
1086 1034 1270 1120 archetypo,
1289 1035 1322 1100 in
1339 1055 1431 1101 suum

297 1154 422 1218 quoque
444 1133 560 1198 librum
582 1134 747 1200 transtulit
769 1133 880 1200 addita
902 1156 967 1200 una
989 1156 1072 1218 quae
1088 1137 1131 1202 ad
1147 1136 1341 1221 explendum
1357 1157 1432 1203 sen-

297 1257 369 1304 sum
391 1237 575 1304 neccssaria
596 1237 759 1304 videretur
780 1238 889 1304 littera
911 1261 944 1318 03
979 1245 1089 1306 contra
1117 1239 1248 1306 alterins
1275 1240 1432 1306 eiusmodi

297 1340 417 1408 codicis
445 1341 596 1407 librarius
627 1342 776 1406 lacunam
805 1342 935 1425 explere
964 1334 1113 1408 studebat
1135 1343 1253 1408 additis
1277 1343 1392 1409 litteris
1415 1368 1432 1407 o

297 1445 341 1523 in,
366 1465 461 1528 quam
477 1465 587 1510 vocem
603 1445 807 1529 perspexisse
823 1444 884 1509 sibi
899 1443 1066 1510 videbatur
1082 1466 1123 1510 ex
1137 1446 1240 1530 iratas).
1280 1445 1434 1512 Similiter

298 1570 392 1632 quam
409 1547 479 1615 eod.
494 1549 574 1633 bpr.
590 1570 633 1612 m.
652 1547 794 1632 praebet,
813 1547 908 1613 lectio
924 1548 1046 1612 docebis
1062 1548 1328 1635 explicari-pesse
1343 1549 1435 1616 vide-

298 1658 349 1716 tur
376 1650 428 1734 (of.
458 1670 541 1734 quae
564 1651 605 1716 de
628 1649 699 1716 cod.
731 1650 751 1715 b
774 1649 941 1716 adnotavit
963 1651 1091 1735 Kayser
1112 1673 1186 1736 pag.
1207 1653 1343 1735 XXVII,
1363 1654 1430 1736 m).

298 1753 485 1838 Legendum
508 1757 557 1820 est
579 1752 677 1837 Igitur
700 1754 769 1819 loeo
791 1753 864 1819 ille:
901 1755 1094 1818 docebimus:
1118 1754 1307 1819 exordienda
1330 1764 1387 1819 ato.

385 1858 479 1923 Corn.
499 1857 524 1939 Ι,
542 1860 655 1937 te,17.
696 1857 842 1920 Primam
858 1857 940 1919 enim
954 1879 989 1919 νο
1003 1855 1137 1928 narrata
1152 1859 1296 1922 dedamus
1310 1859 1434 1941 aperire

298 1969 356 2024 eta.
398 1964 447 2025 Ro
467 1963 601 2024 narrata
624 1959 754 2044 scripsit
769 1960 937 2043 Kayserus
963 1959 1102 2026 maxime
1125 1967 1252 2026 secutus
1271 1961 1390 2028 codicis
1413 1983 1434 2026 n

297 2063 466 2130 lectionem
492 2086 553 2148 ρον
581 2071 715 2128 narrata
745 2063 789 2147 (re
811 2071 944 2127 narrata
973 2063 1055 2129 dixit
1083 2063 1270 2130 Oomifieins
1293 2066 1350 2147 HI,
1380 2069 1429 2148 10,

302 2170 366 2253 18).
414 2168 618 2250 Reliquorum
641 2166 784 2232 codicum
806 2166 961 2233 lectiones
984 2167 1044 2233 hae
1067 2174 1157 2233 sunt:
1192 2191 1253 2252 ρον
1274 2168 1434 2233 narratio·
1474 2246 1477 2252 ἱ

298 2293 368 2334 nem
401 2271 494 2355 prim.
529 2270 618 2350 fam,
652 2269 669 2334 f
694 2292 736 2334 m.
768 2291 835 2354 pr.;
869 2291 932 2352 ρον
964 2271 1148 2335 narratione
1181 2273 1283 2355 (erasa
1312 2271 1429 2357 littera)

299 2377 363 2452 a¹;
396 2383 472 2456 post
494 2373 707 2438 narrationem
730 2373 807 2438 sm.
834 2393 912 2452 see,
946 2375 1032 2454 rl³v3
1066 2369 1328 2454 narrationem't‚
1354 2397 1435 2458 ρον-

298 2485 390 2540 orata
418 2476 601 2541 narratione
630 2480 686 2557 a2,
720 2483 796 2541 tm.
823 2495 863 2558 s.,
900 2496 969 2557 ee,
1004 2482 1075 2542 tert.
1110 2477 1187 2542 fam.
1234 2477 1317 2542 Hiue
1346 2477 1436 2560 equi-

299 2578 372 2644 dem
395 2579 535 2645 maxime
558 2585 683 2645 secutus
707 2579 826 2645 codicis
842 2583 874 2644 a¹
897 2579 1067 2646 lectionem
1084 2603 1147 2664 ρον
1160 2579 1343 2645 narratione
1359 2601 1435 2646 000-

299 2682 394 2749 01οἀ0
423 2682 456 2746 in
480 2681 591 2749 codiee
614 2682 789 2768 archetype
820 2682 940 2767 scripta
969 2682 1071 2749 tuisse
1098 2682 1196 2749 haee:
1224 2704 1286 2765 ρον
1311 2732 1431 2748 .....

299 2785 482 2850 narratione
504 2786 524 2851 i.
552 2807 582 2852 e.
607 2785 822 2871 praecedebat
844 2805 955 2852 vocem
978 2786 1160 2850 narratione
1180 2784 1339 2851 ablativus
1361 2808 1437 2870 par-

301 2890 402 2975 ticipii
424 2888 513 2956 verbi
536 2890 672 2955 alieuius
702 2911 774 2956 eum
802 2898 861 2973 ρον
888 2889 1126 2974 praepositione
1153 2888 1319 2974 compositi
1349 2891 1436 2957 etin

300 2993 372 3078 ipso
395 2992 504 3059 codice
527 2993 700 3078 archetypo
722 2991 818 3058 foede
840 2992 988 3058 mutilati.
1035 2992 1115 3058 Inde
1138 2993 1263 3078 primae
1296 2991 1437 3058 familiae
1484 3016 1490 3020 ·

301 3095 415 3177 codd,
449 3102 484 3161 ut
512 3097 615 3163 solent
646 3097 698 3180 (oi.
724 3116 807 3179 quae
830 3115 929 3180 supra
952 3095 994 3161 ad
1015 3096 1042 3176 Ι,
1062 3101 1091 3176 7,
1113 3101 1149 3159 11
1176 3096 1434 3181 disputavimus),

301 3201 448 3265 lacunam
482 3199 640 3289 integram
672 3198 884 3266 exhibuerunt
912 3197 1022 3264 addita
1050 3220 1116 3264 una
1144 3220 1226 3283 quae
1255 3199 1438 3265 necessaria

300 3302 460 3369 videretur
483 3303 589 3369 littera
611 3326 642 3367 m
665 3310 738 3388 post
752 3302 951 3382 narratione3
979 3308 1088 3369 contra
1104 3301 1263 3370 secundae
1277 3308 1309 3368 et
1325 3302 1437 3369 tertiae

301 3406 443 3472 familiae
465 3406 556 3472 codd.
588 3405 728 3487 librarii,
762 3411 796 3470 ut
824 3405 933 3471 sensui
963 3404 1155 3487 sufficerent,
1182 3406 1237 3470 alii
1260 3406 1347 3470 aliud
1370 3427 1439 3486 mo-

300 3509 351 3573 liti
374 3515 463 3574 sunt:
496 3509 692 3593 scripserunt
722 3508 807 3574 enirn
838 3510 955 3593 partim
982 3518 1055 3592 post
1082 3507 1294 3573 narrationem
1317 3515 1437 3575 mutato

298 3635 357 3695 ρον
371 3611 418 3676 'in
443 3621 524 3695 post,
559 3611 677 3696 partim
707 3631 779 3677 cum
802 3612 951 3676 lacunam
975 3607 1104 3696 explere
1132 3617 1332 3694 conarentur,
1358 3634 1437 3694 ρον-

302 3723 393 3778 orata
413 3715 605 3795 narratione,
640 3714 726 3797 quod
748 3734 811 3779 000
835 3715 914 3779 satis
937 3715 1093 3797 quadrare
1117 3714 1158 3780 ad
1182 3735 1309 3780 sensum
1333 3716 1438 3780 mani-

302 3818 417 3883 festum
441 3824 500 3882 est.
549 3817 667 3883 Contra
688 3817 785 3883 verba
801 3839 863 3900 ρον
885 3818 1099 3882 narrationem
1121 3820 1184 3900 vel,
1219 3818 1302 3902 qued
1325 3819 1357 3883 in
1381 3817 1438 3883 de-

301 3920 468 3988 terioribus
502 3921 591 3986 libris
624 3921 763 4005 legitur,
794 3929 949 4004 perorata
982 3923 1163 3987 narratione
1195 3919 1332 3988 delenda
1366 3941 1439 3987 csse

304 4033 414 4090 censet
436 4029 548 4092 Petrus
572 4025 706 4109 Langen
728 4026 761 4090 in
784 4024 945 4108 Philelcgi
967 4026 1029 4091 vol.
1049 4026 1191 4091 XXXVI
1212 4043 1287 4106 pag.
1308 4026 1381 4088 583.
1455 4105 1456 4108 Ἴ

390 4126 468 4192 Cum
492 4149 566 4194 vero
596 4129 659 4196 alio
688 4129 841 4207 locoIII,
866 4132 955 4209 7,13
987 4127 1174 4194 Cornificius
1202 4123 1313 4190 ecdem
1344 4146 1438 4192 sensu

375 4349 392 4412 ¹)
415 4348 455 4403 De
473 4349 516 4406 his
534 4350 617 4405 rebus
635 4349 671 4405 cf.
693 4348 796 4414 Simon,
816 4350 835 4404 l.
856 4350 873 4404 l.
896 4349 909 4402 Ι
927 4365 989 4420 pag.
1008 4351 1097 4419 tsqq.
