3356 5156
657 471 700 484 -
748 435 831 519 [ros]
879 473 922 484 -
1297 439 1356 503 113

222 625 276 691 ubi
299 625 439 708 loquitur
462 625 649 692 Cornificius
672 625 712 692 de
735 626 839 710 priore
861 627 920 691 illa
937 623 1110 693 divisisse:
1144 650 1182 691 eo
1203 626 1356 692 dividitur

222 727 255 790 in
278 729 356 792 duas
372 730 498 812 partis:
533 729 794 793 enumerationem
816 737 847 793 et
869 729 1101 813 expositionem.
1127 731 1356 796 enumeratione

222 840 356 910 utemur,
381 854 451 896 cum
473 833 609 898 dicemus
631 855 758 897 numero
776 831 875 919 (res),
901 842 976 918 quot
997 835 1149 897 derebus
1172 833 1290 897 dicturi
1302 857 1356 898 su-
1407 820 1410 830 .

223 955 311 1010 mus‚·
332 973 375 982 —
398 935 548 1018 expositio
572 945 628 1015 cst,
660 959 729 1000 cum
750 957 812 1013 res,
844 936 953 1019 quibus
982 936 1133 999 derebus
1163 935 1282 1000 dicturi
1301 959 1355 1000 su-

222 1059 298 1112 mus,
326 1039 518 1122 exponimus,
551 1038 583 1103 h.
609 1058 638 1104 θ.
664 1039 801 1123 primum
824 1045 899 1121 quot
922 1038 962 1104 de
984 1038 1080 1104 rebus
1102 1036 1217 1103 dicturi
1240 1038 1351 1121 simne,

222 1137 338 1205 deinde
360 1161 443 1223 quae
467 1141 531 1208 sint
553 1161 611 1208 eae
633 1161 685 1206 res
709 1161 918 1226 exponemus.
965 1141 1155 1225 Exemplum
1172 1141 1245 1207 vido
1268 1143 1355 1227 apud

222 1242 289 1308 cio.
315 1245 408 1309 Rosa.
434 1244 506 1310 Am.
536 1248 584 1328 13,
609 1248 648 1309 35
680 1252 743 1308 tres
771 1231 851 1308 sum¹
872 1265 922 1308 res
944 1251 1002 1308 etc.
1033 1245 1258 1328 (enumeratio),
1291 1247 1355 1310 cri·
1444 1259 1447 1266 ’

221 1366 291 1409 men
313 1384 356 1393 —
377 1347 512 1412 audacio
534 1385 577 1394 —
593 1347 739 1430 potentia
762 1347 947 1431 (expositio).
996 1346 1205 1413 Scribendum
1222 1355 1272 1413 est
1293 1349 1357 1432 igi-

222 1455 287 1513 tur:
316 1472 377 1533 per
399 1437 660 1515 enumerationem
682 1474 719 1514 ao
734 1473 798 1534 per
819 1449 1058 1534 expositionem3
1089 1470 1163 1515 nam
1186 1459 1242 1514 aut
1264 1458 1295 1515 θῖ
1317 1475 1355 1514 ac

6 1629 11 1650 ι
108 1541 111 1546 ’
221 1551 254 1616 in
277 1552 439 1618 codicibus
470 1573 568 1637 saepe
590 1551 743 1619 confimdi
772 1573 871 1637 supra
891 1552 1030 1619 vidimus
1057 1551 1100 1618 ad
1123 1553 1218 1618 Corn.
1236 1554 1278 1634 ΙΙ,
1301 1558 1350 1638 16,

221 1657 273 1717 23.
322 1655 472 1722 Ceterum
493 1656 547 1740 IV,
568 1661 620 1740 40,
641 1661 681 1720 52
711 1656 820 1720 divisio
849 1656 934 1722 idem
964 1655 1124 1738 significat
1146 1657 1230 1737 quod
1252 1656 1278 1739 I,
1300 1661 1350 1740 10,

189 1761 261 1820 217
285 1759 463 1823 distributio
486 1780 569 1842 quae
591 1757 668 1845 pars
691 1766 740 1827 est
762 1759 933 1825 divisionis.

307 1862 402 1928 Corn.
426 1862 481 1945 IV,
506 1868 558 1946 47,
579 1868 619 1928 60
648 1886 717 1928 cum
746 1885 893 1948 maqnom
920 1864 1040 1948 populo
1074 1863 1274 1928 commoverit
1305 1863 1354 1927 liis

219 1966 312 2028 rebus
334 1965 606 2049 exspectationem
633 1967 688 2033 ubi
704 1968 770 2034 fere
785 1967 946 2033 commorit
960 1967 1001 2031 iis
1019 1967 1111 2031 rebus
1131 1989 1163 2052 p,
1183 1989 1252 2031 cum
1267 1967 1354 2031 nori-

221 2067 291 2131 ticis
305 2072 398 2134 rebus
420 2069 452 2151 h,
478 2070 610 2134 comitiis
632 2071 724 2134 rebus
746 2093 785 2134 a.
824 2071 1035 2137 Restituenda
1057 2078 1107 2136 est
1124 2069 1218 2137 lectio
1234 2070 1354 2136 codicis

213 2191 240 2252 p
263 2170 327 2235 iam
343 2173 384 2236 ab
401 2171 520 2238 Orellio
542 2173 676 2257 probata
697 2179 821 2238 mutata
843 2193 908 2237 unu
929 2173 1054 2239 littera:
1080 2174 1234 2237 conmorit
1248 2175 1287 2237 iis
1302 2197 1355 2244 re<

220 2275 286 2337 bus.
333 2275 531 2340 Testimonio
554 2281 603 2340 ost
625 2274 695 2339 cod.
721 2275 752 2356 Ιι,
779 2275 869 2342 cuius
893 2275 987 2341 lectio
1009 2298 1078 2340 cum
1099 2275 1185 2340 norit
1205 2276 1281 2341 iude
1303 2277 1353 2342 vi-

218 2375 311 2441 detur
333 2396 405 2443 esse
427 2384 514 2461 orta,
551 2377 635 2460 quod
654 2378 779 2463 'primus
800 2379 928 2445 litterae
950 2401 981 2444 m
1010 2385 1132 2444 tractus
1162 2379 1245 2445 falso
1274 2400 1353 2444 con-

219 2479 344 2546 iunctus
368 2467 511 2546 osteum
541 2480 755 2566 praecedente
777 2505 815 2563 n;
848 2481 924 2547 item
952 2483 992 2546 iis
1021 2485 1116 2567 paulo
1147 2483 1278 2567 propius
1309 2482 1351 2547 ad

219 2581 362 2647 codicum
385 2583 538 2650 lectiones
561 2584 686 2650 accedit
708 2606 802 2668 quam
825 2584 883 2648 tiis.
