<?xml version="1.0" encoding="UTF-8"?>
<!DOCTYPE html PUBLIC "-//W3C//DTD XHTML 1.0 Transitional//EN"
    "http://www.w3.org/TR/xhtml1/DTD/xhtml1-transitional.dtd">
<html xmlns="http://www.w3.org/1999/xhtml" xml:lang="en" lang="en">
 <head>
  <title>
</title>
<meta http-equiv="Content-Type" content="text/html;charset=utf-8" />
  <meta name='ocr-system' content='tesseract 3.04.00' />
  <meta name='ocr-capabilities' content='ocr_page ocr_carea ocr_par ocr_line ocrx_word'/>
</head>
<body>
  <div class='ocr_page' id='page_1' title='image "./desermonispropr00thiegoog_0011.png"; bbox 0 0 3356 5156; ppageno 0'>
   <div class='ocr_carea' id='block_1_1' title="bbox 337 446 1037 530">
    <p class='ocr_par' dir='ltr' id='par_1_1' title="bbox 337 446 1037 530">
     <span class='ocr_line' id='line_1_1' title="bbox 337 446 1037 530; baseline -0.007 -16"><span class='ocrx_word' id='word_1_1' title='bbox 337 449 357 514; x_wconf 89' lang='grc'><strong>1</strong></span> <span class='ocrx_word' id='word_1_2' title='bbox 771 483 815 495; x_wconf 77' lang='lat'>-</span> <span class='ocrx_word' id='word_1_3' title='bbox 862 446 945 530; x_wconf 75' lang='grc'><strong>111]</strong></span> <span class='ocrx_word' id='word_1_4' title='bbox 994 483 1037 494; x_wconf 85' lang='grc'>-</span> 
     </span>
    </p>
   </div>
   <div class='ocr_carea' id='block_1_2' title="bbox 324 631 1557 4416">
    <p class='ocr_par' dir='ltr' id='par_1_2' title="bbox 336 631 1473 1334">
     <span class='ocr_line' id='line_1_2' title="bbox 337 631 1472 724; baseline -0.005 -21"><span class='ocrx_word' id='word_1_5' title='bbox 337 639 506 720; x_wconf 80' lang='lat' dir='ltr'><strong>scriptores</strong></span> <span class='ocrx_word' id='word_1_6' title='bbox 528 636 640 720; x_wconf 92' lang='lat' dir='ltr'><strong>optimi</strong></span> <span class='ocrx_word' id='word_1_7' title='bbox 663 637 900 717; x_wconf 88' lang='lat' dir='ltr'><strong>abstinuerunt,</strong></span> <span class='ocrx_word' id='word_1_8' title='bbox 933 637 1026 700; x_wconf 90' lang='lat' dir='ltr'><strong>simul</strong></span> <span class='ocrx_word' id='word_1_9' title='bbox 1050 637 1082 699; x_wconf 92' lang='lat' dir='ltr'><strong>in</strong></span> <span class='ocrx_word' id='word_1_10' title='bbox 1107 635 1213 724; x_wconf 87' lang='lat' dir='ltr'><strong>animo</strong></span> <span class='ocrx_word' id='word_1_11' title='bbox 1236 633 1327 699; x_wconf 92' lang='lat' dir='ltr'><strong>nobis</strong></span> <span class='ocrx_word' id='word_1_12' title='bbox 1350 640 1399 723; x_wconf 76' lang='lat' dir='ltr'><strong>est</strong></span> <span class='ocrx_word' id='word_1_13' title='bbox 1421 631 1472 697; x_wconf 90' lang='lat' dir='ltr'><strong>in-</strong></span> 
     </span>
     <span class='ocr_line' id='line_1_3' title="bbox 337 736 1473 822; baseline -0.006 -16"><span class='ocrx_word' id='word_1_14' title='bbox 337 741 508 822; x_wconf 82' lang='lat' dir='ltr'><strong>vestigare,</strong></span> <span class='ocrx_word' id='word_1_15' title='bbox 535 740 651 820; x_wconf 91' lang='lat' dir='ltr'><strong>quibus</strong></span> <span class='ocrx_word' id='word_1_16' title='bbox 674 739 782 804; x_wconf 90' lang='lat' dir='ltr'><strong>causis</strong></span> <span class='ocrx_word' id='word_1_17' title='bbox 807 739 919 803; x_wconf 90' lang='lat' dir='ltr'><strong>ductus</strong></span> <span class='ocrx_word' id='word_1_18' title='bbox 943 740 1054 804; x_wconf 81' lang='lat' dir='ltr'><strong>Cicero</strong></span> <span class='ocrx_word' id='word_1_19' title='bbox 1076 738 1136 801; x_wconf 88' lang='lat' dir='ltr'><strong>hoc</strong></span> <span class='ocrx_word' id='word_1_20' title='bbox 1159 739 1208 802; x_wconf 83' lang='lat' dir='ltr'><strong>vel</strong></span> <span class='ocrx_word' id='word_1_21' title='bbox 1232 736 1311 801; x_wconf 90' lang='lat' dir='ltr'><strong>illud</strong></span> <span class='ocrx_word' id='word_1_22' title='bbox 1332 737 1473 801; x_wconf 89' lang='lat' dir='ltr'><strong>vocabu-</strong></span> 
     </span>
     <span class='ocr_line' id='line_1_4' title="bbox 337 841 1471 920; baseline -0.005 -13"><span class='ocrx_word' id='word_1_23' title='bbox 337 844 402 907; x_wconf 87' lang='lat' dir='ltr'><strong>lum</strong></span> <span class='ocrx_word' id='word_1_24' title='bbox 425 849 481 906; x_wconf 89' lang='lat' dir='ltr'><strong>aut</strong></span> <span class='ocrx_word' id='word_1_25' title='bbox 504 842 632 906; x_wconf 91' lang='lat' dir='ltr'><strong>omnino</strong></span> <span class='ocrx_word' id='word_1_26' title='bbox 651 842 797 906; x_wconf 89' lang='lat' dir='ltr'><strong>reiecerit</strong></span> <span class='ocrx_word' id='word_1_27' title='bbox 812 850 868 907; x_wconf 91' lang='lat' dir='ltr'><strong>aut</strong></span> <span class='ocrx_word' id='word_1_28' title='bbox 883 863 953 906; x_wconf 89' lang='lat' dir='ltr'><strong>raro</strong></span> <span class='ocrx_word' id='word_1_29' title='bbox 970 841 1162 906; x_wconf 81' lang='lat' dir='ltr'><strong>adhibuerit.</strong></span> <span class='ocrx_word' id='word_1_30' title='bbox 1203 843 1373 905; x_wconf 90' lang='lat' dir='ltr'><strong>Praeterea</strong></span> <span class='ocrx_word' id='word_1_31' title='bbox 1388 859 1471 920; x_wconf 89' lang='lat' dir='ltr'><strong>quae</strong></span> 
     </span>
     <span class='ocr_line' id='line_1_5' title="bbox 338 941 1472 1028; baseline -0.004 -18"><span class='ocrx_word' id='word_1_32' title='bbox 338 966 377 1010; x_wconf 90' lang='lat' dir='ltr'><strong>ex</strong></span> <span class='ocrx_word' id='word_1_33' title='bbox 401 964 518 1009; x_wconf 80' lang='lat' dir='ltr'><strong>aureae</strong></span> <span class='ocrx_word' id='word_1_34' title='bbox 534 945 650 1008; x_wconf 89' lang='lat' dir='ltr'><strong>aetatis</strong></span> <span class='ocrx_word' id='word_1_35' title='bbox 666 945 874 1027; x_wconf 76' lang='lat' dir='ltr'><strong>scriptoribus</strong></span> <span class='ocrx_word' id='word_1_36' title='bbox 890 944 977 1028; x_wconf 90' lang='lat' dir='ltr'><strong>apud</strong></span> <span class='ocrx_word' id='word_1_37' title='bbox 994 945 1177 1020; x_wconf 80' lang='lat' dir='ltr'><strong>Caesarem,</strong></span> <span class='ocrx_word' id='word_1_38' title='bbox 1203 944 1371 1026; x_wconf 82' lang='lat' dir='ltr'><strong>Nepotem,</strong></span> <span class='ocrx_word' id='word_1_39' title='bbox 1399 941 1472 1006; x_wconf 85' lang='lat' dir='ltr'><strong>Sal-</strong></span> 
     </span>
     <span class='ocr_line' id='line_1_6' title="bbox 336 1045 1471 1130; baseline -0.004 -18"><span class='ocrx_word' id='word_1_40' title='bbox 336 1048 465 1112; x_wconf 87' lang='lat' dir='ltr'><strong>lustium</strong></span> <span class='ocrx_word' id='word_1_41' title='bbox 488 1046 695 1110; x_wconf 86' lang='lat' dir='ltr'><strong>inveniuntur</strong></span> <span class='ocrx_word' id='word_1_42' title='bbox 724 1048 873 1130; x_wconf 89' lang='lat' dir='ltr'><strong>exempla</strong></span> <span class='ocrx_word' id='word_1_43' title='bbox 900 1048 1007 1111; x_wconf 92' lang='lat' dir='ltr'><strong>omnia</strong></span> <span class='ocrx_word' id='word_1_44' title='bbox 1036 1047 1225 1124; x_wconf 71' lang='lat' dir='ltr'><strong>afferemus,</strong></span> <span class='ocrx_word' id='word_1_45' title='bbox 1257 1046 1334 1109; x_wconf 90' lang='lat' dir='ltr'><strong>item</strong></span> <span class='ocrx_word' id='word_1_46' title='bbox 1358 1045 1471 1125; x_wconf 91' lang='lat' dir='ltr'><strong>siqua</strong></span> 
     </span>
     <span class='ocr_line' id='line_1_7' title="bbox 337 1147 1470 1233; baseline -0.004 -19"><span class='ocrx_word' id='word_1_47' title='bbox 337 1169 399 1215; x_wconf 93' lang='lat' dir='ltr'><strong>vox</strong></span> <span class='ocrx_word' id='word_1_48' title='bbox 421 1151 454 1213; x_wconf 93' lang='lat' dir='ltr'><strong>in</strong></span> <span class='ocrx_word' id='word_1_49' title='bbox 477 1149 584 1233; x_wconf 91' lang='lat' dir='ltr'><strong>prisca</strong></span> <span class='ocrx_word' id='word_1_50' title='bbox 607 1149 765 1213; x_wconf 85' lang='lat' dir='ltr'><strong>latinitate</strong></span> <span class='ocrx_word' id='word_1_51' title='bbox 788 1149 840 1213; x_wconf 88' lang='lat' dir='ltr'><strong>vel</strong></span> <span class='ocrx_word' id='word_1_52' title='bbox 864 1151 949 1232; x_wconf 92' lang='lat' dir='ltr'><strong>apud</strong></span> <span class='ocrx_word' id='word_1_53' title='bbox 965 1149 1149 1233; x_wconf 89' lang='lat' dir='ltr'><strong>posterioris</strong></span> <span class='ocrx_word' id='word_1_54' title='bbox 1166 1149 1282 1212; x_wconf 91' lang='lat' dir='ltr'><strong>aetatis</strong></span> <span class='ocrx_word' id='word_1_55' title='bbox 1299 1147 1470 1230; x_wconf 83' lang='lat' dir='ltr'><strong>scriptores</strong></span> 
     </span>
     <span class='ocr_line' id='line_1_8' title="bbox 336 1252 1011 1334; baseline -0.001 -17"><span class='ocrx_word' id='word_1_56' title='bbox 336 1253 464 1334; x_wconf 81' lang='lat' dir='ltr'><strong>legitur,</strong></span> <span class='ocrx_word' id='word_1_57' title='bbox 490 1252 660 1334; x_wconf 83' lang='lat' dir='ltr'><strong>diligenter</strong></span> <span class='ocrx_word' id='word_1_58' title='bbox 683 1253 1011 1316; x_wconf 86' lang='lat' dir='ltr'><strong>commemorabimus.</strong></span> 
     </span>
    </p>

    <p class='ocr_par' dir='ltr' id='par_1_3' title="bbox 324 1351 1557 4416">
     <span class='ocr_line' id='line_1_9' title="bbox 423 1351 1472 1438; baseline -0.005 -19"><span class='ocrx_word' id='word_1_59' title='bbox 423 1355 485 1432; x_wconf 79' lang='lat' dir='ltr'><strong>Qui</strong></span> <span class='ocrx_word' id='word_1_60' title='bbox 502 1355 664 1420; x_wconf 79' lang='lat' dir='ltr'><strong>Ciceronis</strong></span> <span class='ocrx_word' id='word_1_61' title='bbox 688 1361 793 1420; x_wconf 90' lang='lat' dir='ltr'><strong>aetate</strong></span> <span class='ocrx_word' id='word_1_62' title='bbox 816 1355 849 1418; x_wconf 93' lang='lat' dir='ltr'><strong>id</strong></span> <span class='ocrx_word' id='word_1_63' title='bbox 872 1355 933 1420; x_wconf 92' lang='lat' dir='ltr'><strong>sibi</strong></span> <span class='ocrx_word' id='word_1_64' title='bbox 956 1356 1120 1419; x_wconf 88' lang='lat' dir='ltr'><strong>habebant</strong></span> <span class='ocrx_word' id='word_1_65' title='bbox 1142 1354 1349 1438; x_wconf 87' lang='lat' dir='ltr'><strong>propositum,</strong></span> <span class='ocrx_word' id='word_1_66' title='bbox 1377 1359 1411 1416; x_wconf 92' lang='lat' dir='ltr'><strong>ut</strong></span> <span class='ocrx_word' id='word_1_67' title='bbox 1430 1351 1472 1415; x_wconf 90' lang='lat' dir='ltr'><strong>ad</strong></span> 
     </span>
     <span class='ocr_line' id='line_1_10' title="bbox 337 1455 1557 1542; baseline -0.005 -19"><span class='ocrx_word' id='word_1_68' title='bbox 337 1468 441 1524; x_wconf 89' lang='lat' dir='ltr'><strong>certas</strong></span> <span class='ocrx_word' id='word_1_69' title='bbox 471 1459 600 1540; x_wconf 78' lang='lat' dir='ltr'><strong>regulas</strong></span> <span class='ocrx_word' id='word_1_70' title='bbox 631 1464 782 1539; x_wconf 89' lang='lat' dir='ltr'><strong>certaque</strong></span> <span class='ocrx_word' id='word_1_71' title='bbox 809 1465 982 1542; x_wconf 88' lang='lat' dir='ltr'><strong>praecepta</strong></span> <span class='ocrx_word' id='word_1_72' title='bbox 1012 1459 1153 1540; x_wconf 81' lang='lat' dir='ltr'><strong>linguam</strong></span> <span class='ocrx_word' id='word_1_73' title='bbox 1183 1457 1333 1536; x_wconf 89' lang='lat' dir='ltr'><strong>latinam,</strong></span> <span class='ocrx_word' id='word_1_74' title='bbox 1367 1455 1482 1537; x_wconf 51' lang='lat' dir='ltr'><strong>qualis¹</strong></span> <span class='ocrx_word' id='word_1_75' title='bbox 1552 1531 1557 1536; x_wconf 69' lang='lat'><strong>,</strong></span> 
     </span>
     <span class='ocr_line' id='line_1_11' title="bbox 337 1558 1468 1645; baseline -0.005 -19"><span class='ocrx_word' id='word_1_76' title='bbox 337 1568 411 1626; x_wconf 91' lang='lat' dir='ltr'><strong>tunc</strong></span> <span class='ocrx_word' id='word_1_77' title='bbox 435 1567 514 1641; x_wconf 90' lang='lat' dir='ltr'><strong>erat,</strong></span> <span class='ocrx_word' id='word_1_78' title='bbox 541 1561 723 1625; x_wconf 83' lang='lat' dir='ltr'><strong>excolerent</strong></span> <span class='ocrx_word' id='word_1_79' title='bbox 739 1567 770 1625; x_wconf 91' lang='lat' dir='ltr'><strong>et</strong></span> <span class='ocrx_word' id='word_1_80' title='bbox 785 1563 990 1645; x_wconf 88' lang='lat' dir='ltr'><strong>perpolirent,</strong></span> <span class='ocrx_word' id='word_1_81' title='bbox 1010 1563 1050 1627; x_wconf 91' lang='lat' dir='ltr'><strong>ah</strong></span> <span class='ocrx_word' id='word_1_82' title='bbox 1067 1561 1157 1625; x_wconf 86' lang='lat' dir='ltr'><strong>initio</strong></span> <span class='ocrx_word' id='word_1_83' title='bbox 1173 1559 1253 1624; x_wconf 88' lang='lat' dir='ltr'><strong>nihil</strong></span> <span class='ocrx_word' id='word_1_84' title='bbox 1269 1558 1357 1622; x_wconf 91' lang='lat' dir='ltr'><strong>aliud</strong></span> <span class='ocrx_word' id='word_1_85' title='bbox 1372 1558 1468 1622; x_wconf 83' lang='lat' dir='ltr'><strong>iacie-</strong></span> 
     </span>
     <span class='ocr_line' id='line_1_12' title="bbox 337 1663 1472 1748; baseline -0.003 -21"><span class='ocrx_word' id='word_1_86' title='bbox 337 1664 423 1744; x_wconf 90' lang='lat' dir='ltr'><strong>bant,</strong></span> <span class='ocrx_word' id='word_1_87' title='bbox 450 1663 513 1727; x_wconf 92' lang='lat' dir='ltr'><strong>nisi</strong></span> <span class='ocrx_word' id='word_1_88' title='bbox 535 1670 570 1726; x_wconf 90' lang='lat' dir='ltr'><strong>ut</strong></span> <span class='ocrx_word' id='word_1_89' title='bbox 591 1683 809 1745; x_wconf 89' lang='lat' dir='ltr'><strong>quaecumque</strong></span> <span class='ocrx_word' id='word_1_90' title='bbox 831 1665 936 1728; x_wconf 92' lang='lat' dir='ltr'><strong>minus</strong></span> <span class='ocrx_word' id='word_1_91' title='bbox 960 1672 1036 1748; x_wconf 91' lang='lat' dir='ltr'><strong>apta</strong></span> <span class='ocrx_word' id='word_1_92' title='bbox 1058 1665 1242 1729; x_wconf 87' lang='lat' dir='ltr'><strong>viderentur</strong></span> <span class='ocrx_word' id='word_1_93' title='bbox 1265 1684 1305 1727; x_wconf 91' lang='lat' dir='ltr'><strong>cx</strong></span> <span class='ocrx_word' id='word_1_94' title='bbox 1328 1681 1472 1726; x_wconf 89' lang='lat' dir='ltr'><strong>sermone</strong></span> 
     </span>
     <span class='ocr_line' id='line_1_13' title="bbox 338 1765 1471 1831; baseline -0.002 -1"><span class='ocrx_word' id='word_1_95' title='bbox 338 1785 396 1830; x_wconf 93' lang='lat' dir='ltr'><strong>suo</strong></span> <span class='ocrx_word' id='word_1_96' title='bbox 419 1765 586 1829; x_wconf 89' lang='lat' dir='ltr'><strong>reicerent.</strong></span> <span class='ocrx_word' id='word_1_97' title='bbox 634 1765 676 1828; x_wconf 81' lang='lat' dir='ltr'><strong>ut</strong></span> <span class='ocrx_word' id='word_1_98' title='bbox 698 1765 809 1830; x_wconf 81' lang='lat' dir='ltr'><strong>Cicero</strong></span> <span class='ocrx_word' id='word_1_99' title='bbox 833 1765 1092 1831; x_wconf 86' lang='lat' dir='ltr'><strong>adulescentulus</strong></span> <span class='ocrx_word' id='word_1_100' title='bbox 1123 1788 1194 1831; x_wconf 89' lang='lat' dir='ltr'><strong>oum</strong></span> <span class='ocrx_word' id='word_1_101' title='bbox 1226 1767 1323 1831; x_wconf 92' lang='lat' dir='ltr'><strong>libros</strong></span> <span class='ocrx_word' id='word_1_102' title='bbox 1353 1767 1394 1830; x_wconf 91' lang='lat' dir='ltr'><strong>de</strong></span> <span class='ocrx_word' id='word_1_103' title='bbox 1416 1765 1471 1828; x_wconf 93' lang='lat' dir='ltr'><strong>iu-</strong></span> 
     </span>
     <span class='ocr_line' id='line_1_14' title="bbox 336 1867 1472 1953; baseline -0.003 -19"><span class='ocrx_word' id='word_1_104' title='bbox 336 1869 485 1934; x_wconf 89' lang='lat' dir='ltr'><strong>ventione</strong></span> <span class='ocrx_word' id='word_1_105' title='bbox 506 1868 645 1932; x_wconf 87' lang='lat' dir='ltr'><strong>scrihere</strong></span> <span class='ocrx_word' id='word_1_106' title='bbox 661 1867 826 1952; x_wconf 88' lang='lat' dir='ltr'><strong>inciperet,</strong></span> <span class='ocrx_word' id='word_1_107' title='bbox 853 1871 954 1933; x_wconf 91' lang='lat' dir='ltr'><strong>multa</strong></span> <span class='ocrx_word' id='word_1_108' title='bbox 970 1869 1180 1953; x_wconf 88' lang='lat' dir='ltr'><strong>deprehendit</strong></span> <span class='ocrx_word' id='word_1_109' title='bbox 1195 1871 1362 1949; x_wconf 87' lang='lat' dir='ltr'><strong>vocabula,</strong></span> <span class='ocrx_word' id='word_1_110' title='bbox 1389 1887 1472 1950; x_wconf 87' lang='lat' dir='ltr'><strong>quac</strong></span> 
     </span>
     <span class='ocr_line' id='line_1_15' title="bbox 337 1970 1469 2052; baseline 0 -18"><span class='ocrx_word' id='word_1_111' title='bbox 337 1972 425 2035; x_wconf 93' lang='lat' dir='ltr'><strong>nullo</strong></span> <span class='ocrx_word' id='word_1_112' title='bbox 454 1970 695 2052; x_wconf 77' lang='lat' dir='ltr'><strong>significationis</strong></span> <span class='ocrx_word' id='word_1_113' title='bbox 726 1972 909 2037; x_wconf 90' lang='lat' dir='ltr'><strong>discrimine</strong></span> <span class='ocrx_word' id='word_1_114' title='bbox 939 1973 1022 2036; x_wconf 88' lang='lat' dir='ltr'><strong>iuter</strong></span> <span class='ocrx_word' id='word_1_115' title='bbox 1037 1992 1086 2036; x_wconf 86' lang='grc'><strong>,11</strong></span> <span class='ocrx_word' id='word_1_116' title='bbox 1118 1972 1246 2036; x_wconf 83' lang='lat' dir='ltr'><strong>differre</strong></span> <span class='ocrx_word' id='word_1_117' title='bbox 1275 1971 1469 2035; x_wconf 88' lang='lat' dir='ltr'><strong>viderentur.</strong></span> 
     </span>
     <span class='ocr_line' id='line_1_16' title="bbox 337 2074 1472 2160; baseline 0 -23"><span class='ocrx_word' id='word_1_118' title='bbox 337 2075 407 2138; x_wconf 92' lang='lat' dir='ltr'><strong>Huc</strong></span> <span class='ocrx_word' id='word_1_119' title='bbox 429 2074 588 2157; x_wconf 89' lang='lat' dir='ltr'><strong>pertinent</strong></span> <span class='ocrx_word' id='word_1_120' title='bbox 610 2075 756 2160; x_wconf 90' lang='lat' dir='ltr'><strong>inprimis</strong></span> <span class='ocrx_word' id='word_1_121' title='bbox 787 2077 887 2139; x_wconf 90' lang='lat' dir='ltr'><strong>multa</strong></span> <span class='ocrx_word' id='word_1_122' title='bbox 909 2077 1060 2139; x_wconf 78' lang='lat' dir='ltr'><strong>uocabulo</strong></span> <span class='ocrx_word' id='word_1_123' title='bbox 1082 2075 1266 2157; x_wconf 74' lang='lat' dir='ltr'><strong>composita,</strong></span> <span class='ocrx_word' id='word_1_124' title='bbox 1298 2074 1330 2137; x_wconf 93' lang='lat' dir='ltr'><strong>in</strong></span> <span class='ocrx_word' id='word_1_125' title='bbox 1358 2074 1472 2155; x_wconf 90' lang='lat' dir='ltr'><strong>quibus</strong></span> 
     </span>
     <span class='ocr_line' id='line_1_17' title="bbox 338 2177 1472 2260; baseline 0.001 -21"><span class='ocrx_word' id='word_1_126' title='bbox 338 2177 401 2240; x_wconf 90' lang='lat' dir='ltr'><strong>iam</strong></span> <span class='ocrx_word' id='word_1_127' title='bbox 417 2183 492 2240; x_wconf 90' lang='lat' dir='ltr'><strong>tuno</strong></span> <span class='ocrx_word' id='word_1_128' title='bbox 508 2177 754 2260; x_wconf 86' lang='lat' dir='ltr'><strong>praepositionis</strong></span> <span class='ocrx_word' id='word_1_129' title='bbox 771 2179 819 2242; x_wconf 90' lang='lat' dir='ltr'><strong>vis</strong></span> <span class='ocrx_word' id='word_1_130' title='bbox 836 2178 917 2242; x_wconf 89' lang='lat' dir='ltr'><strong>adeo</strong></span> <span class='ocrx_word' id='word_1_131' title='bbox 933 2185 1001 2243; x_wconf 86' lang='lat' dir='ltr'><strong>erat</strong></span> <span class='ocrx_word' id='word_1_132' title='bbox 1015 2179 1193 2258; x_wconf 86' lang='lat' dir='ltr'><strong>debilitata,</strong></span> <span class='ocrx_word' id='word_1_133' title='bbox 1221 2184 1256 2241; x_wconf 93' lang='lat' dir='ltr'><strong>ut</strong></span> <span class='ocrx_word' id='word_1_134' title='bbox 1271 2198 1334 2258; x_wconf 93' lang='lat' dir='ltr'><strong>qua</strong></span> <span class='ocrx_word' id='word_1_135' title='bbox 1350 2177 1472 2240; x_wconf 87' lang='lat' dir='ltr'><strong>ratione</strong></span> 
     </span>
     <span class='ocr_line' id='line_1_18' title="bbox 338 2279 1473 2364; baseline -0.003 -21"><span class='ocrx_word' id='word_1_136' title='bbox 338 2299 444 2344; x_wconf 88' lang='lat' dir='ltr'><strong>eorum</strong></span> <span class='ocrx_word' id='word_1_137' title='bbox 469 2279 659 2362; x_wconf 85' lang='lat' dir='ltr'><strong>significatio</strong></span> <span class='ocrx_word' id='word_1_138' title='bbox 682 2281 816 2346; x_wconf 88' lang='lat' dir='ltr'><strong>distaret</strong></span> <span class='ocrx_word' id='word_1_139' title='bbox 837 2303 857 2345; x_wconf 89' lang='lat' dir='ltr'><strong>a</strong></span> <span class='ocrx_word' id='word_1_140' title='bbox 879 2283 976 2346; x_wconf 89' lang='lat' dir='ltr'><strong>verbo</strong></span> <span class='ocrx_word' id='word_1_141' title='bbox 1000 2281 1148 2364; x_wconf 88' lang='lat' dir='ltr'><strong>simplici,</strong></span> <span class='ocrx_word' id='word_1_142' title='bbox 1174 2302 1236 2344; x_wconf 92' lang='lat' dir='ltr'><strong>nou</strong></span> <span class='ocrx_word' id='word_1_143' title='bbox 1260 2280 1324 2344; x_wconf 87' lang='lat' dir='ltr'><strong>iam</strong></span> <span class='ocrx_word' id='word_1_144' title='bbox 1347 2279 1473 2363; x_wconf 86' lang='lat' dir='ltr'><strong>perspi-</strong></span> 
     </span>
     <span class='ocr_line' id='line_1_19' title="bbox 338 2383 1472 2469; baseline -0.001 -23"><span class='ocrx_word' id='word_1_145' title='bbox 338 2388 474 2446; x_wconf 88' lang='lat' dir='ltr'><strong>ceretur.</strong></span> <span class='ocrx_word' id='word_1_146' title='bbox 518 2384 630 2464; x_wconf 88' lang='lat' dir='ltr'><strong>ltaque</strong></span> <span class='ocrx_word' id='word_1_147' title='bbox 653 2385 780 2448; x_wconf 91' lang='lat' dir='ltr'><strong>cumin</strong></span> <span class='ocrx_word' id='word_1_148' title='bbox 804 2404 949 2450; x_wconf 89' lang='lat' dir='ltr'><strong>sermone</strong></span> <span class='ocrx_word' id='word_1_149' title='bbox 972 2385 1108 2469; x_wconf 86' lang='lat' dir='ltr'><strong>plebeio,</strong></span> <span class='ocrx_word' id='word_1_150' title='bbox 1135 2385 1189 2465; x_wconf 87' lang='lat' dir='ltr'><strong>qui</strong></span> <span class='ocrx_word' id='word_1_151' title='bbox 1213 2384 1312 2448; x_wconf 90' lang='lat' dir='ltr'><strong>nimia</strong></span> <span class='ocrx_word' id='word_1_152' title='bbox 1334 2383 1472 2466; x_wconf 90' lang='lat' dir='ltr'><strong>quadam</strong></span> 
     </span>
     <span class='ocr_line' id='line_1_20' title="bbox 337 2485 1472 2569; baseline 0.002 -21"><span class='ocrx_word' id='word_1_153' title='bbox 337 2485 464 2550; x_wconf 89' lang='lat' dir='ltr'><strong>dicendi</strong></span> <span class='ocrx_word' id='word_1_154' title='bbox 476 2488 569 2569; x_wconf 92' lang='lat' dir='ltr'><strong>copia</strong></span> <span class='ocrx_word' id='word_1_155' title='bbox 580 2485 768 2568; x_wconf 85' lang='lat' dir='ltr'><strong>delectatur,</strong></span> <span class='ocrx_word' id='word_1_156' title='bbox 788 2488 943 2552; x_wconf 86' lang='lat' dir='ltr'><strong>eiusmodi</strong></span> <span class='ocrx_word' id='word_1_157' title='bbox 958 2489 1058 2552; x_wconf 91' lang='lat' dir='ltr'><strong>multa</strong></span> <span class='ocrx_word' id='word_1_158' title='bbox 1072 2489 1107 2552; x_wconf 94' lang='lat' dir='ltr'><strong>in</strong></span> <span class='ocrx_word' id='word_1_159' title='bbox 1118 2507 1178 2551; x_wconf 91' lang='lat' dir='ltr'><strong>usu</strong></span> <span class='ocrx_word' id='word_1_160' title='bbox 1194 2494 1303 2552; x_wconf 90' lang='lat' dir='ltr'><strong>essent</strong></span> <span class='ocrx_word' id='word_1_161' title='bbox 1316 2487 1472 2550; x_wconf 87' lang='lat' dir='ltr'><strong>vocabula</strong></span> 
     </span>
     <span class='ocr_line' id='line_1_21' title="bbox 324 2589 1472 2677; baseline 0 -25"><span class='ocrx_word' id='word_1_162' title='bbox 324 2589 531 2677; x_wconf 88' lang='lat' dir='ltr'><strong>composita,</strong></span> <span class='ocrx_word' id='word_1_163' title='bbox 557 2590 671 2652; x_wconf 92' lang='lat' dir='ltr'><strong>mirum</strong></span> <span class='ocrx_word' id='word_1_164' title='bbox 694 2610 756 2652; x_wconf 93' lang='lat' dir='ltr'><strong>non</strong></span> <span class='ocrx_word' id='word_1_165' title='bbox 780 2591 913 2670; x_wconf 89' lang='lat' dir='ltr'><strong>videtur,</strong></span> <span class='ocrx_word' id='word_1_166' title='bbox 940 2591 1024 2673; x_wconf 91' lang='lat' dir='ltr'><strong>quod</strong></span> <span class='ocrx_word' id='word_1_167' title='bbox 1048 2591 1158 2655; x_wconf 80' lang='lat' dir='ltr'><strong>Cicero</strong></span> <span class='ocrx_word' id='word_1_168' title='bbox 1183 2590 1325 2672; x_wconf 86' lang='lat' dir='ltr'><strong>vulgaris</strong></span> <span class='ocrx_word' id='word_1_169' title='bbox 1350 2609 1472 2654; x_wconf 88' lang='lat' dir='ltr'><strong>sermo-</strong></span> 
     </span>
     <span class='ocr_line' id='line_1_22' title="bbox 338 2691 1472 2775; baseline 0 -21"><span class='ocrx_word' id='word_1_170' title='bbox 338 2691 388 2755; x_wconf 88' lang='lat' dir='ltr'><strong>nis</strong></span> <span class='ocrx_word' id='word_1_171' title='bbox 403 2691 461 2755; x_wconf 94' lang='lat' dir='ltr'><strong>illa</strong></span> <span class='ocrx_word' id='word_1_172' title='bbox 476 2692 605 2774; x_wconf 89' lang='lat' dir='ltr'><strong>propria</strong></span> <span class='ocrx_word' id='word_1_173' title='bbox 621 2711 692 2756; x_wconf 88' lang='lat' dir='ltr'><strong>esse</strong></span> <span class='ocrx_word' id='word_1_174' title='bbox 707 2697 797 2756; x_wconf 88' lang='lat' dir='ltr'><strong>ratus</strong></span> <span class='ocrx_word' id='word_1_175' title='bbox 812 2693 846 2756; x_wconf 91' lang='lat' dir='ltr'><strong>in</strong></span> <span class='ocrx_word' id='word_1_176' title='bbox 862 2713 938 2757; x_wconf 87' lang='lat' dir='ltr'><strong>suos</strong></span> <span class='ocrx_word' id='word_1_177' title='bbox 954 2694 1051 2757; x_wconf 90' lang='lat' dir='ltr'><strong>libros</strong></span> <span class='ocrx_word' id='word_1_178' title='bbox 1067 2693 1198 2756; x_wconf 86' lang='lat' dir='ltr'><strong>verbum</strong></span> <span class='ocrx_word' id='word_1_179' title='bbox 1215 2692 1353 2775; x_wconf 88' lang='lat' dir='ltr'><strong>simplex</strong></span> <span class='ocrx_word' id='word_1_180' title='bbox 1370 2693 1472 2755; x_wconf 90' lang='lat' dir='ltr'><strong>solum</strong></span> 
     </span>
     <span class='ocr_line' id='line_1_23' title="bbox 339 2795 1473 2876; baseline -0.001 -20"><span class='ocrx_word' id='word_1_181' title='bbox 339 2795 468 2876; x_wconf 90' lang='lat' dir='ltr'><strong>recepit.</strong></span> <span class='ocrx_word' id='word_1_182' title='bbox 508 2795 614 2859; x_wconf 87' lang='lat' dir='ltr'><strong>Veluti</strong></span> <span class='ocrx_word' id='word_1_183' title='bbox 637 2815 677 2860; x_wconf 94' lang='lat' dir='ltr'><strong>ex</strong></span> <span class='ocrx_word' id='word_1_184' title='bbox 700 2815 798 2860; x_wconf 89' lang='lat' dir='ltr'><strong>aurea</strong></span> <span class='ocrx_word' id='word_1_185' title='bbox 821 2796 976 2860; x_wconf 91' lang='lat' dir='ltr'><strong>sermonis</strong></span> <span class='ocrx_word' id='word_1_186' title='bbox 1000 2802 1107 2860; x_wconf 84' lang='lat' dir='ltr'><strong>aetate</strong></span> <span class='ocrx_word' id='word_1_187' title='bbox 1130 2796 1263 2860; x_wconf 87' lang='lat' dir='ltr'><strong>exclusa</strong></span> <span class='ocrx_word' id='word_1_188' title='bbox 1279 2801 1352 2859; x_wconf 90' lang='lat' dir='ltr'><strong>sunt</strong></span> <span class='ocrx_word' id='word_1_189' title='bbox 1375 2797 1473 2857; x_wconf 83' lang='lat' dir='ltr'><strong>udde-</strong></span> 
     </span>
     <span class='ocr_line' id='line_1_24' title="bbox 338 2897 1472 2981; baseline 0.004 -24"><span class='ocrx_word' id='word_1_190' title='bbox 338 2903 386 2958; x_wconf 85' lang='lat' dir='ltr'><strong>cet</strong></span> <span class='ocrx_word' id='word_1_191' title='bbox 407 2897 561 2974; x_wconf 76' lang='lat' dir='ltr'><strong>condecet,</strong></span> <span class='ocrx_word' id='word_1_192' title='bbox 588 2904 751 2981; x_wconf 86' lang='lat' dir='ltr'><strong>receptum</strong></span> <span class='ocrx_word' id='word_1_193' title='bbox 774 2904 823 2963; x_wconf 86' lang='lat' dir='ltr'><strong>est</strong></span> <span class='ocrx_word' id='word_1_194' title='bbox 837 2918 939 2967; x_wconf 69' lang='lat' dir='ltr'><strong>,uuum</strong></span> <span class='ocrx_word' id='word_1_195' title='bbox 955 2900 1057 2977; x_wconf 69' lang='lat' dir='ltr'><strong>decet,</strong></span> <span class='ocrx_word' id='word_1_196' title='bbox 1082 2897 1158 2961; x_wconf 89' lang='lat' dir='ltr'><strong>item</strong></span> <span class='ocrx_word' id='word_1_197' title='bbox 1176 2897 1344 2960; x_wconf 73' lang='grc' dir='ltr'><strong>00111111ίί11</strong></span> <span class='ocrx_word' id='word_1_198' title='bbox 1361 2898 1472 2962; x_wconf 86' lang='lat' dir='ltr'><strong>adiec-</strong></span> 
     </span>
     <span class='ocr_line' id='line_1_25' title="bbox 338 2999 1468 3082; baseline 0.002 -21"><span class='ocrx_word' id='word_1_199' title='bbox 338 2999 448 3080; x_wconf 89' lang='lat' dir='ltr'><strong>tivum,</strong></span> <span class='ocrx_word' id='word_1_200' title='bbox 476 3019 546 3064; x_wconf 91' lang='lat' dir='ltr'><strong>eum</strong></span> <span class='ocrx_word' id='word_1_201' title='bbox 570 3008 697 3082; x_wconf 88' lang='lat' dir='ltr'><strong>praeter</strong></span> <span class='ocrx_word' id='word_1_202' title='bbox 719 3001 831 3063; x_wconf 73' lang='lat' dir='ltr'><strong>similis</strong></span> <span class='ocrx_word' id='word_1_203' title='bbox 859 3021 922 3064; x_wconf 92' lang='lat' dir='ltr'><strong>non</strong></span> <span class='ocrx_word' id='word_1_204' title='bbox 950 3001 1166 3066; x_wconf 85' lang='lat' dir='ltr'><strong>necessarium</strong></span> <span class='ocrx_word' id='word_1_205' title='bbox 1195 3020 1267 3066; x_wconf 90' lang='lat' dir='ltr'><strong>esse</strong></span> <span class='ocrx_word' id='word_1_206' title='bbox 1298 3001 1468 3079; x_wconf 89' lang='lat' dir='ltr'><strong>videretur,</strong></span> 
     </span>
     <span class='ocr_line' id='line_1_26' title="bbox 338 3101 1472 3187; baseline 0.003 -24"><span class='ocrx_word' id='word_1_207' title='bbox 338 3101 371 3163; x_wconf 94' lang='lat' dir='ltr'><strong>in</strong></span> <span class='ocrx_word' id='word_1_208' title='bbox 395 3121 513 3166; x_wconf 88' lang='lat' dir='ltr'><strong>aureae</strong></span> <span class='ocrx_word' id='word_1_209' title='bbox 533 3102 648 3167; x_wconf 89' lang='lat' dir='ltr'><strong>aetatis</strong></span> <span class='ocrx_word' id='word_1_210' title='bbox 665 3123 760 3187; x_wconf 90' lang='lat' dir='ltr'><strong>prosa</strong></span> <span class='ocrx_word' id='word_1_211' title='bbox 776 3104 917 3168; x_wconf 90' lang='lat' dir='ltr'><strong>oratione</strong></span> <span class='ocrx_word' id='word_1_212' title='bbox 932 3125 1003 3168; x_wconf 89' lang='lat' dir='ltr'><strong>raro</strong></span> <span class='ocrx_word' id='word_1_213' title='bbox 1020 3104 1242 3168; x_wconf 84' lang='lat' dir='ltr'><strong>adhibebatur.</strong></span> <span class='ocrx_word' id='word_1_214' title='bbox 1283 3105 1350 3168; x_wconf 89' lang='lat' dir='ltr'><strong>Nec</strong></span> <span class='ocrx_word' id='word_1_215' title='bbox 1366 3107 1472 3167; x_wconf 89' lang='lat' dir='ltr'><strong>tame&#39;n</strong></span> 
     </span>
     <span class='ocr_line' id='line_1_27' title="bbox 339 3203 1472 3290; baseline 0.003 -25"><span class='ocrx_word' id='word_1_216' title='bbox 339 3203 445 3266; x_wconf 91' lang='lat' dir='ltr'><strong>omnia</strong></span> <span class='ocrx_word' id='word_1_217' title='bbox 468 3204 567 3269; x_wconf 86' lang='lat' dir='ltr'><strong>verba</strong></span> <span class='ocrx_word' id='word_1_218' title='bbox 589 3206 776 3290; x_wconf 80' lang='lat' dir='ltr'><strong>omnposita,</strong></span> <span class='ocrx_word' id='word_1_219' title='bbox 803 3226 884 3288; x_wconf 91' lang='lat' dir='ltr'><strong>quae</strong></span> <span class='ocrx_word' id='word_1_220' title='bbox 908 3207 1042 3271; x_wconf 90' lang='lat' dir='ltr'><strong>eandem</strong></span> <span class='ocrx_word' id='word_1_221' title='bbox 1066 3228 1160 3289; x_wconf 88' lang='lat' dir='ltr'><strong>quam</strong></span> <span class='ocrx_word' id='word_1_222' title='bbox 1182 3208 1312 3270; x_wconf 88' lang='lat' dir='ltr'><strong>verbum</strong></span> <span class='ocrx_word' id='word_1_223' title='bbox 1336 3206 1472 3288; x_wconf 83' lang='lat' dir='ltr'><strong>simplex</strong></span> 
     </span>
     <span class='ocr_line' id='line_1_28' title="bbox 340 3306 1473 3392; baseline 0.001 -23"><span class='ocrx_word' id='word_1_224' title='bbox 340 3306 494 3370; x_wconf 90' lang='lat' dir='ltr'><strong>haberent</strong></span> <span class='ocrx_word' id='word_1_225' title='bbox 515 3307 790 3391; x_wconf 83' lang='lat' dir='ltr'><strong>significationem,</strong></span> <span class='ocrx_word' id='word_1_226' title='bbox 818 3310 961 3392; x_wconf 89' lang='lat' dir='ltr'><strong>potuisse</strong></span> <span class='ocrx_word' id='word_1_227' title='bbox 978 3309 1105 3374; x_wconf 84' lang='lat' dir='ltr'><strong>excludi</strong></span> <span class='ocrx_word' id='word_1_228' title='bbox 1121 3331 1161 3374; x_wconf 92' lang='lat' dir='ltr'><strong>ex</strong></span> <span class='ocrx_word' id='word_1_229' title='bbox 1178 3329 1322 3372; x_wconf 86' lang='lat' dir='ltr'><strong>sermone</strong></span> <span class='ocrx_word' id='word_1_230' title='bbox 1340 3309 1473 3387; x_wconf 84' lang='lat' dir='ltr'><strong>elegan-</strong></span> 
     </span>
     <span class='ocr_line' id='line_1_29' title="bbox 338 3408 1473 3492; baseline -0.001 -21"><span class='ocrx_word' id='word_1_231' title='bbox 338 3408 417 3471; x_wconf 90' lang='lat' dir='ltr'><strong>tiore</strong></span> <span class='ocrx_word' id='word_1_232' title='bbox 433 3417 681 3474; x_wconf 86' lang='lat' dir='ltr'><strong>conscntaneum</strong></span> <span class='ocrx_word' id='word_1_233' title='bbox 697 3418 755 3490; x_wconf 83' lang='lat' dir='ltr'><strong>est,</strong></span> <span class='ocrx_word' id='word_1_234' title='bbox 776 3431 848 3474; x_wconf 92' lang='lat' dir='ltr'><strong>cum</strong></span> <span class='ocrx_word' id='word_1_235' title='bbox 864 3411 1052 3492; x_wconf 87' lang='lat' dir='ltr'><strong>praesertim</strong></span> <span class='ocrx_word' id='word_1_236' title='bbox 1069 3431 1131 3490; x_wconf 92' lang='lat' dir='ltr'><strong>quo</strong></span> <span class='ocrx_word' id='word_1_237' title='bbox 1147 3409 1247 3472; x_wconf 89' lang='lat' dir='ltr'><strong>maior·</strong></span> <span class='ocrx_word' id='word_1_238' title='bbox 1263 3408 1352 3471; x_wconf 85' lang='lat' dir='ltr'><strong>ficret</strong></span> <span class='ocrx_word' id='word_1_239' title='bbox 1369 3409 1473 3471; x_wconf 91' lang='lat' dir='ltr'><strong>varie-</strong></span> 
     </span>
     <span class='ocr_line' id='line_1_30' title="bbox 338 3511 1473 3600; baseline 0 -25"><span class='ocrx_word' id='word_1_240' title='bbox 338 3517 389 3575; x_wconf 88' lang='lat' dir='ltr'><strong>tas</strong></span> <span class='ocrx_word' id='word_1_241' title='bbox 412 3519 444 3575; x_wconf 90' lang='lat' dir='ltr'><strong>et</strong></span> <span class='ocrx_word' id='word_1_242' title='bbox 466 3513 677 3600; x_wconf 87' lang='lat' dir='ltr'><strong>perspicuitas</strong></span> <span class='ocrx_word' id='word_1_243' title='bbox 700 3513 861 3588; x_wconf 87' lang='lat' dir='ltr'><strong>orationis,</strong></span> <span class='ocrx_word' id='word_1_244' title='bbox 890 3531 986 3595; x_wconf 86' lang='lat' dir='ltr'><strong>saepe</strong></span> <span class='ocrx_word' id='word_1_245' title='bbox 1007 3512 1040 3575; x_wconf 91' lang='lat' dir='ltr'><strong>in</strong></span> <span class='ocrx_word' id='word_1_246' title='bbox 1055 3511 1114 3576; x_wconf 95' lang='lat' dir='ltr'><strong>hoc</strong></span> <span class='ocrx_word' id='word_1_247' title='bbox 1131 3532 1213 3594; x_wconf 91' lang='lat' dir='ltr'><strong>opus</strong></span> <span class='ocrx_word' id='word_1_248' title='bbox 1230 3519 1314 3575; x_wconf 90' lang='lat' dir='ltr'><strong>esset</strong></span> <span class='ocrx_word' id='word_1_249' title='bbox 1330 3512 1473 3594; x_wconf 85' lang='lat' dir='ltr'><strong>pluribus</strong></span> 
     </span>
     <span class='ocr_line' id='line_1_31' title="bbox 339 3614 1471 3698; baseline -0.001 -20"><span class='ocrx_word' id='word_1_250' title='bbox 339 3615 469 3679; x_wconf 86' lang='lat' dir='ltr'><strong>vocibus</strong></span> <span class='ocrx_word' id='word_1_251' title='bbox 502 3616 588 3680; x_wconf 92' lang='lat' dir='ltr'><strong>idem</strong></span> <span class='ocrx_word' id='word_1_252' title='bbox 623 3614 887 3698; x_wconf 83' lang='lat' dir='ltr'><strong>significantibus.</strong></span> <span class='ocrx_word' id='word_1_253' title='bbox 935 3615 1046 3697; x_wconf 89' lang='lat' dir='ltr'><strong>Itaque</strong></span> <span class='ocrx_word' id='word_1_254' title='bbox 1075 3634 1148 3677; x_wconf 89' lang='lat' dir='ltr'><strong>cum</strong></span> <span class='ocrx_word' id='word_1_255' title='bbox 1178 3614 1287 3678; x_wconf 80' lang='lat' dir='ltr'><strong>Cicero</strong></span> <span class='ocrx_word' id='word_1_256' title='bbox 1316 3615 1471 3677; x_wconf 89' lang='lat' dir='ltr'><strong>vocabula</strong></span> 
     </span>
     <span class='ocr_line' id='line_1_32' title="bbox 340 3717 1472 3801; baseline -0.002 -21"><span class='ocrx_word' id='word_1_257' title='bbox 340 3737 520 3801; x_wconf 87' lang='lat' dir='ltr'><strong>synonyma</strong></span> <span class='ocrx_word' id='word_1_258' title='bbox 542 3736 731 3781; x_wconf 87' lang='lat' dir='ltr'><strong>coacervare</strong></span> <span class='ocrx_word' id='word_1_259' title='bbox 754 3718 880 3795; x_wconf 89' lang='lat' dir='ltr'><strong>soleret,</strong></span> <span class='ocrx_word' id='word_1_260' title='bbox 908 3722 1129 3780; x_wconf 88' lang='lat' dir='ltr'><strong>remanserunt</strong></span> <span class='ocrx_word' id='word_1_261' title='bbox 1152 3717 1290 3798; x_wconf 84' lang='lat' dir='ltr'><strong>approbo</strong></span> <span class='ocrx_word' id='word_1_262' title='bbox 1311 3719 1472 3797; x_wconf 78' lang='lat' dir='ltr'><strong>comprobo</strong></span> 
     </span>
     <span class='ocr_line' id='line_1_33' title="bbox 340 3817 1470 3900; baseline -0.003 -17"><span class='ocrx_word' id='word_1_263' title='bbox 340 3819 470 3884; x_wconf 88' lang='lat' dir='ltr'><strong>similia.</strong></span> <span class='ocrx_word' id='word_1_264' title='bbox 517 3821 688 3883; x_wconf 88' lang='lat' dir='ltr'><strong>Praeterea</strong></span> <span class='ocrx_word' id='word_1_265' title='bbox 714 3819 809 3882; x_wconf 89' lang='lat' dir='ltr'><strong>unius</strong></span> <span class='ocrx_word' id='word_1_266' title='bbox 832 3818 1006 3882; x_wconf 89' lang='lat' dir='ltr'><strong>rhetoricae</strong></span> <span class='ocrx_word' id='word_1_267' title='bbox 1036 3838 1130 3900; x_wconf 89' lang='lat' dir='ltr'><strong>quam</strong></span> <span class='ocrx_word' id='word_1_268' title='bbox 1161 3817 1277 3882; x_wconf 89' lang='lat' dir='ltr'><strong>vocant</strong></span> <span class='ocrx_word' id='word_1_269' title='bbox 1307 3819 1470 3881; x_wconf 91' lang='lat' dir='ltr'><strong>concinni-</strong></span> 
     </span>
     <span class='ocr_line' id='line_1_34' title="bbox 339 3921 1468 4003; baseline -0.004 -17"><span class='ocrx_word' id='word_1_270' title='bbox 339 3923 414 3986; x_wconf 90' lang='lat' dir='ltr'><strong>tatis</strong></span> <span class='ocrx_word' id='word_1_271' title='bbox 444 3943 541 3987; x_wconf 91' lang='lat' dir='ltr'><strong>causa</strong></span> <span class='ocrx_word' id='word_1_272' title='bbox 571 3922 756 3987; x_wconf 80' lang='lat' dir='ltr'><strong>Ciceronem</strong></span> <span class='ocrx_word' id='word_1_273' title='bbox 786 3921 892 3985; x_wconf 90' lang='lat' dir='ltr'><strong>verbis</strong></span> <span class='ocrx_word' id='word_1_274' title='bbox 922 3921 1112 4002; x_wconf 88' lang='lat' dir='ltr'><strong>quibusdam</strong></span> <span class='ocrx_word' id='word_1_275' title='bbox 1148 3921 1348 4003; x_wconf 87' lang='lat' dir='ltr'><strong>compositis,</strong></span> <span class='ocrx_word' id='word_1_276' title='bbox 1386 3941 1468 4001; x_wconf 90' lang='lat' dir='ltr'><strong>quae</strong></span> 
     </span>
     <span class='ocr_line' id='line_1_35' title="bbox 339 4023 1464 4104; baseline -0.004 -15"><span class='ocrx_word' id='word_1_277' title='bbox 339 4025 412 4090; x_wconf 90' lang='lat' dir='ltr'><strong>aliis</strong></span> <span class='ocrx_word' id='word_1_278' title='bbox 434 4025 513 4089; x_wconf 92' lang='grc'><strong>10011</strong></span> <span class='ocrx_word' id='word_1_279' title='bbox 535 4046 598 4088; x_wconf 93' lang='lat' dir='ltr'><strong>non</strong></span> <span class='ocrx_word' id='word_1_280' title='bbox 614 4023 769 4104; x_wconf 91' lang='lat' dir='ltr'><strong>adhibuit,</strong></span> <span class='ocrx_word' id='word_1_281' title='bbox 796 4023 953 4088; x_wconf 90' lang='lat' dir='ltr'><strong>interdum</strong></span> <span class='ocrx_word' id='word_1_282' title='bbox 969 4043 1062 4087; x_wconf 92' lang='lat' dir='ltr'><strong>usum</strong></span> <span class='ocrx_word' id='word_1_283' title='bbox 1078 4043 1150 4088; x_wconf 90' lang='lat' dir='ltr'><strong>esse</strong></span> <span class='ocrx_word' id='word_1_284' title='bbox 1167 4023 1464 4087; x_wconf 86' lang='lat' dir='ltr'><strong>demonstrabimus.</strong></span> 
     </span>
     <span class='ocr_line' id='line_1_36' title="bbox 339 4126 1547 4210; baseline -0.003 -18"><span class='ocrx_word' id='word_1_285' title='bbox 339 4128 464 4193; x_wconf 92' lang='lat' dir='ltr'><strong>Deinde</strong></span> <span class='ocrx_word' id='word_1_286' title='bbox 479 4128 563 4209; x_wconf 88' lang='lat' dir='ltr'><strong>quod</strong></span> <span class='ocrx_word' id='word_1_287' title='bbox 579 4129 743 4210; x_wconf 87' lang='lat' dir='ltr'><strong>complura</strong></span> <span class='ocrx_word' id='word_1_288' title='bbox 759 4126 858 4190; x_wconf 87' lang='lat' dir='ltr'><strong>verba</strong></span> <span class='ocrx_word' id='word_1_289' title='bbox 873 4127 1057 4209; x_wconf 85' lang='lat' dir='ltr'><strong>composita,</strong></span> <span class='ocrx_word' id='word_1_290' title='bbox 1082 4129 1170 4191; x_wconf 92' lang='lat' dir='ltr'><strong>velut</strong></span> <span class='ocrx_word' id='word_1_291' title='bbox 1185 4127 1297 4188; x_wconf 83' lang='lat' dir='ltr'><strong>adiaco</strong></span> <span class='ocrx_word' id='word_1_292' title='bbox 1314 4129 1467 4202; x_wconf 78' lang='lat' dir='ltr'><strong>consolor,</strong></span> <span class='ocrx_word' id='word_1_293' title='bbox 1545 4147 1547 4151; x_wconf 92' lang='lat'>·</span> 
     </span>
     <span class='ocr_line' id='line_1_37' title="bbox 339 4228 1469 4314; baseline 0 -20"><span class='ocrx_word' id='word_1_294' title='bbox 339 4232 437 4296; x_wconf 90' lang='lat' dir='ltr'><strong>multo</strong></span> <span class='ocrx_word' id='word_1_295' title='bbox 461 4231 589 4314; x_wconf 88' lang='lat' dir='ltr'><strong>saepius</strong></span> <span class='ocrx_word' id='word_1_296' title='bbox 612 4231 761 4312; x_wconf 87' lang='lat' dir='ltr'><strong>leguntur</strong></span> <span class='ocrx_word' id='word_1_297' title='bbox 789 4228 872 4311; x_wconf 93' lang='lat' dir='ltr'><strong>apud</strong></span> <span class='ocrx_word' id='word_1_298' title='bbox 901 4229 1141 4312; x_wconf 87' lang='lat' dir='ltr'><strong>probatissimos</strong></span> <span class='ocrx_word' id='word_1_299' title='bbox 1170 4249 1285 4312; x_wconf 88' lang='lat' dir='ltr'><strong>prosae</strong></span> <span class='ocrx_word' id='word_1_300' title='bbox 1316 4230 1469 4294; x_wconf 88' lang='lat' dir='ltr'><strong>orationis</strong></span> 
     </span>
     <span class='ocr_line' id='line_1_38' title="bbox 338 4330 1470 4416; baseline -0.001 -19"><span class='ocrx_word' id='word_1_301' title='bbox 338 4334 507 4416; x_wconf 90' lang='lat' dir='ltr'><strong>scriptores</strong></span> <span class='ocrx_word' id='word_1_302' title='bbox 530 4353 626 4413; x_wconf 93' lang='lat' dir='ltr'><strong>quam</strong></span> <span class='ocrx_word' id='word_1_303' title='bbox 648 4331 808 4415; x_wconf 90' lang='lat' dir='ltr'><strong>simplicia</strong></span> <span class='ocrx_word' id='word_1_304' title='bbox 829 4330 900 4394; x_wconf 76' lang='lat' dir='ltr'><strong>iuno</strong></span> <span class='ocrx_word' id='word_1_305' title='bbox 923 4331 1018 4408; x_wconf 79' lang='lat' dir='ltr'><strong>solor,</strong></span> <span class='ocrx_word' id='word_1_306' title='bbox 1047 4331 1113 4393; x_wconf 88' lang='lat' dir='ltr'><strong>iure</strong></span> <span class='ocrx_word' id='word_1_307' title='bbox 1143 4331 1332 4399; x_wconf 82' lang='lat' dir='ltr'><strong>concludere</strong></span> <span class='ocrx_word' id='word_1_308' title='bbox 1357 4333 1470 4399; x_wconf 91' lang='lat' dir='ltr'><strong>licebit</strong></span> 
     </span>
    </p>
   </div>
   <div class='ocr_carea' id='block_1_3' title="bbox 0 0 1684 5156">
    <p class='ocr_par' dir='ltr' id='par_1_4' title="bbox 0 0 1684 5156">
     <span class='ocr_line' id='line_1_39' title="bbox 0 0 1684 5156; baseline 0 0"><span class='ocrx_word' id='word_1_309' title='bbox 0 0 1684 5156; x_wconf 95' lang='lat' dir='ltr'><strong> </strong></span> 
     </span>
    </p>
   </div>
  </div>
 </body>
</html>
