3356 5156
662 475 705 482 -
754 438 837 518 [3131
884 475 927 483 -
1343 439 1361 498 1

228 645 266 690 eo
289 625 360 708 ipso
389 630 546 708 tempore,
580 645 641 705 quo
665 624 776 688 Cicero
806 624 924 705 aliique
954 625 1100 706 linguam
1126 626 1285 708 perpolirc
1312 625 1362 688 in-

228 728 388 810 ceperint,
415 727 582 792 verborum
605 727 731 796 illorum
756 727 999 810 compositorum
1030 747 1122 793 usum
1152 728 1233 793 adeo
1263 729 1363 794 fuisse

227 831 470 914 pervulgatum,
504 839 539 894 ut
567 852 630 920 non
661 831 730 895 sine
752 831 891 895 maximo
914 831 1141 914 impedimento
1163 831 1262 896 verba
1285 833 1363 896 sim-

227 934 325 1017 plicia
347 953 454 998 eorum
478 954 593 998 munus
616 941 805 1017 susceptura
827 933 955 1000 fuerint.

312 1036 396 1113 Quid
417 1037 518 1118 egerit
534 1038 644 1102 Cicero
666 1037 700 1101 in
716 1037 826 1120 lingua
842 1037 1073 1117 constituenda,
1100 1036 1229 1120 planius
1245 1057 1363 1119 cogno-

227 1146 342 1222 scetur,
370 1140 397 1204 si
421 1160 504 1221 quae
527 1140 666 1205 diximus
689 1142 837 1225 exemplo
860 1140 1136 1205 illustraverimus.
1178 1140 1257 1205 Cum
1277 1140 1362 1204 enim

230 1243 326 1308 libros
350 1243 390 1309 de
409 1244 591 1309 inventione
606 1244 780 1324 incoharet,
807 1250 935 1326 praeter
950 1245 1081 1309 verbum
1098 1243 1235 1327 simplex
1250 1266 1363 1326 capere

109 1337 121 1348 “
229 1346 292 1411 duo
323 1347 351 1412 ei
375 1354 502 1430 praesto
532 1353 623 1412 erant
654 1346 845 1429 composita,
879 1367 1013 1428 quorum
1041 1346 1177 1410 alterum
1208 1348 1363 1430 adcepere

229 1451 388 1532 siguificat
410 1452 552 1532 (rupendo
575 1449 698 1532 aliquid
719 1451 834 1512 addere
850 1452 893 1512 ad
907 1450 1031 1532 aliquid
1045 1451 1130 1533 qaod
1142 1458 1254 1531 castet,
1281 1451 1363 1515 alte-

228 1575 297 1617 rum
321 1576 473 1636 exacuere
496 1552 657 1634 significat
685 1552 778 1633 quasi
797 1553 952 1636 funditus
982 1575 1107 1635 capere.
1156 1554 1267 1636 ltaque
1290 1575 1361 1618 cum

228 1676 321 1737 quarn
346 1656 411 1719 vim
434 1655 567 1719 haberet
590 1655 797 1738 praepositio,
824 1657 951 1738 planius
983 1676 1020 1720 ac
1043 1655 1170 1719 facilius
1199 1657 1363 1739 perspice-

228 1767 314 1822 retur
336 1759 367 1821 in
392 1758 496 1841 priore
519 1757 616 1822 verbo
640 1758 816 1840 composito
840 1779 934 1840 quarn
964 1757 998 1823 in
1020 1760 1139 1838 altero,
1173 1758 1285 1824 Cicero
1309 1761 1361 1824 nbi

228 1861 364 1945 primum
384 1846 492 1925 'libros
527 1861 663 1924 scribere
694 1860 818 1944 coepit,
859 1862 1035 1944 ecanpendr'
1069 1863 1200 1927 verbnm
1236 1852 1361 1926 omnino

227 1965 344 2028 abiecit
366 1970 397 2028 et
421 1982 459 2027 ne
482 1963 515 2026 in
539 1963 767 2046 posterioribus
791 1963 928 2044 quidem
943 1964 1072 2048 scriptis
1095 1987 1244 2046 umquam
1269 1966 1361 2030 resti-

227 2067 295 2144 tuit,
323 2067 458 2130 alterum
481 2073 587 2130 autem
612 2066 769 2148 odaopere
791 2065 824 2129 in
848 2066 959 2150 primis
983 2087 1062 2148 quos
1079 2068 1254 2150 composuit
1270 2068 1360 2131 libris

227 2189 472 2251 nonnumquam,
499 2176 609 2233 contra
632 2169 664 2231 in
689 2169 915 2252 posterioribus
931 2169 1098 2234 admodum
1115 2163 1185 2232 roro
1201 2169 1357 2233 adhibuit.

228 2273 275 2336 De
299 2272 399 2336 tribus
422 2271 517 2354 igitur
540 2271 604 2335 illis
628 2272 734 2337 verbis
764 2272 805 2336 ad
834 2278 1008 2336 extremum
1039 2270 1160 2333 nullum
1190 2271 1220 2335 ei
1249 2292 1362 2356 super-

227 2375 286 2438 fuit
316 2375 378 2438 nisi
405 2375 536 2438 verbum
568 2375 706 2459 simplex
737 2397 860 2458 erepere.
907 2374 1001 2458 Apud
1032 2373 1235 2438 Cornificium
1263 2377 1361 2440 verba

226 2478 287 2541 duo
304 2477 480 2559 composita
495 2477 698 2540 inveniuntur
714 2477 768 2555 ita,
789 2483 823 2539 ut
839 2477 925 2559 apud
941 2477 1044 2559 ipsum
1061 2497 1186 2559 quoque
1203 2479 1360 2561 adaopere

227 2579 355 2662 saepius
378 2579 502 2660 legetur
524 2599 616 2659 quam
646 2601 816 2661 occepere:
850 2579 1004 2661 adstrepere
1028 2578 1123 2643 Corn.
1150 2580 1197 2659 ΙΙ,
1226 2583 1276 2660 25,
1305 2584 1356 2643 39.

228 2687 279 2758 30,
305 2687 357 2744 17.
383 2683 441 2762 ΙΙΙ,
473 2685 502 2762 2,
531 2685 561 2744 2.
591 2687 639 2760 11,
660 2686 711 2745 211.
741 2686 789 2759 11,
810 2685 862 2742 25.
895 2681 950 2761 IV,
977 2684 1028 2760 33,
1049 2686 1105 2760 453
1140 2705 1292 2766 excerpere
1314 2684 1356 2765 ΙΙ,

228 2789 278 2864 29,
295 2790 345 2848 46.
373 2785 428 2860 IV,
458 2788 575 2865 13,1s.
602 2789 653 2860 21,
670 2789 728 2862 34;
755 2783 842 2867 apud
865 2784 1046 2849 Ciceronem
1068 2786 1224 2868 edocuere
1246 2786 1310 2849 inv.
1331 2787 1355 2864 Ι,

227 2891 306 2967 3,1,
333 2889 382 2968 11,
419 2889 468 2966 os,
489 2892 541 2949 55.
575 2891 631 2967 25,
652 2892 703 2950 75.
738 2889 789 2967 33,
815 2891 886 2950 ror.
934 2886 1123 2950 11111111.
1156 2891 1209 2969 11,
1237 2892 1295 2964 11;
1327 2887 1359 2950 in

227 2989 357 3070 reliquis
379 2990 525 3054 omnibus
549 2989 744 3054 orationibus
760 2996 890 3054 auctore
905 2989 1082 3070 Merguetio
1103 2989 1143 3066 (in
1160 2990 1261 3053 lexico
1277 2996 1356 3052 orat.
1429 3065 1432 3071 Ι

228 3091 383 3171 Cioeron.)
411 3091 540 3155 omnino
563 3091 661 3156 semel
683 3091 818 3172 legitur:
844 3099 917 3174 post
940 3090 1015 3154 red..
1033 3090 1066 3153 in
1091 3109 1158 3155 sen.
1184 3095 1240 3168 363
1266 3111 1359 3174 prae-

227 3201 314 3258 terea
337 3194 428 3258 acad.
455 3200 537 3278 post.
563 3194 588 3274 Ι,
616 3198 644 3274 5,
665 3196 716 3254 21.

313 3299 385 3362 Duo
408 3297 464 3360 illa
487 3297 586 3361 verba
608 3296 781 3379 composita
802 3296 865 3359 iam
882 3296 969 3379 apud
984 3296 1107 3380 priscos
1122 3303 1233 3379 poetas
1249 3297 1361 3379 legun-

227 3411 291 3467 tur:
318 3404 475 3484 aduaqere
498 3400 602 3464 Plaut.
626 3399 727 3463 Stich.
755 3403 784 3477 2,
806 3403 833 3477 2,
856 3402 906 3462 62.
955 3401 1029 3463 Τ11.
1055 3400 1171 3464 Heaut.
1198 3402 1227 3479 3,
1250 3405 1277 3480 1,
1298 3404 1356 3480 26,

110 3533 113 3540 ⁴
227 3527 383 3587 excepere
406 3505 454 3569 Pl.
475 3502 573 3568 Stich.
601 3506 630 3582 2,
654 3506 680 3582 1,
701 3505 752 3564 32.
794 3501 876 3565 Enn.
896 3523 970 3566 ann.
991 3505 1052 3564 290
1064 3504 1103 3566 V.
1144 3503 1212 3567 Ter.
1240 3504 1356 3568 Hoaut.

227 3613 256 3688 2,
277 3612 306 3688 2,
327 3611 357 3672 3.
397 3606 493 3690 Apud
516 3625 633 3670 aureae
656 3611 762 3669 autom
785 3605 902 3670 aetatis
926 3605 1096 3688 scriptores
1111 3605 1196 3670 idern
1213 3606 1279 3672 fero
1294 3607 1359 3671 illis

227 3711 342 3775 accidit
364 3708 447 3790 quod
470 3708 556 3791 apud
573 3708 774 3786 Ciceronem3
803 3731 954 3792 eracapere
977 3709 1073 3790 enim,
1100 3709 1183 3790 qnod
1207 3729 1246 3773 cx
1264 3709 1359 3773 huius

227 3813 340 3878 aetatis
357 3811 564 3895 scriptoribus
580 3831 662 3875 unns
678 3811 846 3876 Lucretius
858 3817 893 3891 5,
911 3815 968 3874 611
990 3811 1129 3892 admisit,
1150 3812 1238 3895 apud
1253 3819 1358 3895 poste-

227 3915 318 3980 rioris
346 3915 473 3980 demum
501 3913 653 3997 temporis
682 3914 868 3997 scriptoreS,
904 3915 991 3978 velut
1019 3913 1104 3997 apud
1135 3913 1359 3997 Symmachum

228 4041 278 4102 op.
306 4025 334 4100 1,
354 4021 393 4080 27
418 4024 450 4082 11
472 4017 558 4100 apud
581 4017 774 4081 Eucherium
799 4037 850 4100 ep.
877 4037 1023 4101 parcen,
1055 4017 1161 4082 denuo
1189 4017 1356 4100 reperitur.

228 4121 420 4205 Adoayenda'
429 4129 535 4186 antem
548 4120 644 4186 verbo
655 4120 801 4184 nonnulli
815 4141 931 4186 aureae
943 4120 1058 4186 aetatis
1075 4120 1246 4202 scriptores
1261 4118 1358 4184 inter-

228 4223 301 4286 dum
317 4229 458 4304 utuntur,
475 4225 562 4288 volut
574 4223 695 4288 Caesar
710 4223 741 4288 b.
757 4223 817 4287 civ.
836 4227 866 4302 3,
878 4227 933 4299 58;
953 4223 1030 4287 item
1045 4229 1129 4286 auct.
1148 4223 1179 4286 b.
1195 4221 1289 4285 Alex.
1302 4225 1355 4299 123

228 4333 311 4391 anot.
324 4327 356 4390 b.
368 4325 434 4390 Afr.
453 4332 480 4409 1,
494 4333 523 4407 5,
539 4347 632 4409 quern
645 4333 815 4410 utrumque
827 4347 846 4390 a
858 4345 1002 4391 sermone
1014 4324 1141 4409 vulgari
1153 4344 1214 4388 non
1227 4323 1358 4389 nimium
