3356 5156
651 462 693 472 -
742 427 825 508 [ere]
873 462 916 470 -
1310 431 1350 493 33

216 617 293 693 bent
322 622 357 677 ot
379 635 426 688 ea,
459 621 569 676 34133
592 612 760 691 similibus,
794 631 924 695 prorsus
952 615 1075 679 nullam
1103 615 1202 681 habet
1234 616 1346 697 fidem;

216 723 316 784 restat
337 715 434 798 igitur
457 734 538 778 unus
561 715 660 795 locus,
695 734 757 797 quo
787 723 880 779 343133
905 715 1024 782 14131433
1046 717 1171 783 videtur
1197 719 1352 785 303441-

216 820 288 886 ficio
311 837 383 884 esse
406 817 557 902 positum,
583 823 618 906 41
640 824 788 883 accurate
811 817 1020 903 responderet
1035 820 1241 904 praecedenti
1258 832 1352 905 post-

218 947 270 987 ca:
307 923 345 984 de
374 945 408 984 eo
438 921 523 1005 qaod
550 927 661 1002 postea
693 919 829 984 dicimus
856 929 948 984 344133
976 921 1144 986 videamus.
1199 923 1352 991 Similiter

218 1025 304 1109 apud
325 1024 512 1089 Ciceronem
541 1022 575 1086 in
598 1021 703 1105 priore
726 1022 766 1087 de
787 1021 971 1088 inventione
1000 1023 1082 1089 libro
1110 1025 1175 1108 legi
1197 1035 1268 1090 aare
1291 1028 1351 1092 ad-

152 1126 155 1132 ’
216 1127 359 1193 verbium
376 1126 497 1209 septies
513 1125 631 1205 decies,
657 1126 691 1189 in
707 1125 818 1206 altero,
845 1126 878 1189 ni
895 1126 1000 1207 fallor,
1027 1126 1231 1211 quadragies,
1258 1139 1351 1194 anteo

216 1232 250 1295 in
272 1236 384 1295 neutro
407 1228 499 1293 libro.
546 1227 731 1293 Induabus
762 1228 872 1312 primis
895 1229 1092 1296 orationibus
1123 1250 1162 1294 ex
1190 1231 1268 1298 locis
1296 1233 1346 1314 iis,

216 1333 333 1416 quibus
355 1340 427 1396 nate
450 1330 636 1395 adverbium
659 1330 785 1413 legitur,
813 1331 985 1414 separandi
1007 1331 1155 1398 videntur
1176 1333 1209 1414 ii,
1235 1335 1350 1416 quibus

215 1432 803 1516 3313334113331144341344443131444
832 1439 881 1498 est
909 1433 1069 1515 formulis,
1102 1435 1248 1518 inprimis
1277 1447 1350 1502 34413

216 1561 321 1624 qaam,
352 1537 450 1600 multo
480 1545 564 1614 3313,
592 1535 690 1618 paulo
720 1544 793 1600 uate
815 1542 895 1614 ete,
930 1537 964 1601 in
986 1537 1038 1601 his
1060 1537 1156 1618 enim,
1191 1544 1226 1602 ut
1252 1559 1350 1624 supra

215 1641 363 1722 diximus,
390 1639 566 1722 posteriore
588 1659 714 1720 quoque
736 1645 877 1722 tempore
899 1647 972 1703 ante
993 1639 1061 1705 fere
1083 1658 1211 1725 semper
1233 1643 1351 1708 retine-

215 1751 275 1822 tur,
308 1749 344 1807 31
366 1750 458 1806 uacca
481 1764 574 1826 qaam
596 1742 630 1806 in
653 1741 816 1807 Ciceronis
833 1741 1030 1807 orationibus
1053 1749 1180 1808 auctore
1203 1744 1351 1828 Mergue-

214 1847 258 1911 tio
280 1865 344 1910 uon
366 1845 440 1928 plus
463 1843 564 1908 semel
585 1844 714 1926 legatur
727 1843 835 1909 Deiot.
854 1846 905 1907 30.
956 1844 1153 1910 lucratione
1173 1845 1271 1928 igitur
1292 1868 1349 1930 pro

215 1947 362 2025 Quinctio
378 1945 495 2029 legitur
510 1953 583 2010 34413
599 1968 691 2028 qaam
706 1946 874 2028 quinquies
890 1950 919 2027 2,
937 1949 967 2009 9.
996 1953 1046 2026 15,
1065 1950 1118 2011 48.
1147 1953 1195 2028 17,
1216 1953 1266 2013 54.
1294 1953 1345 2030 26,

216 2053 267 2114 81.
301 2051 353 2130 28,
374 2052 425 2130 86,
452 2056 524 2112 cate
542 2048 684 2114 ablativo
700 2048 903 2114 subiunctum
919 2050 1019 2114 semel
1035 2053 1086 2125 29,
1106 2053 1157 2132 88,
1183 2059 1349 2134 praeterea

215 2159 327 2235 quater
345 2157 395 2228 10,
414 2155 466 2215 35.
499 2153 551 2232 22,
572 2155 622 2214 71.
656 2155 707 2232 26,
728 2155 779 2216 81.
808 2154 858 2230 30,
878 2154 937 2230 02;
975 2161 1068 2216 natea
1096 2153 1225 2217 omnino
1254 2155 1349 2235 quin-

213 2253 305 2337 quies
328 2257 359 2335 0,
379 2257 429 2318 33.
459 2257 510 2329 10,
529 2254 581 2316 34.
608 2256 659 2333 20,
680 2256 733 2318 63.
758 2256 809 2332 24,
830 2258 882 2317 77.
909 2256 1032 2329 28,87.
1074 2255 1268 2321 1434311343
1291 2277 1347 2340 pro

214 2357 332 2422 Roscio
354 2355 503 2421 Amerino
525 2354 731 2421 inveniente
754 2377 848 2440 qaum
869 2355 920 2421 bis
944 2359 995 2437 22,
1016 2358 1067 2420 60.
1099 2361 1150 2437 50,
1173 2361 1243 2438 145,
1275 2369 1348 2424 aare

215 2459 358 2525 ablativo
388 2457 661 2524 subiunctumbis
686 2461 792 2538 7,19.
829 2461 880 2540 23,
901 2461 952 2540 04,
986 2465 1152 2542 praeterea
1178 2461 1347 2543 quinquies

216 2565 245 2640 3,
266 2564 318 2625 ae.
345 2565 396 2642 34,
416 2564 468 2626 34.
495 2565 548 2640 34,
567 2564 619 2626 os.
645 2566 697 2642 43,
716 2564 789 2625 443.
815 2564 868 2638 43,
888 2565 964 2640 443,
991 2568 1100 2627 eontra
1116 2571 1209 2626 aerea
1229 2563 1264 2628 14
1286 2564 1348 2630 hae

212 2664 285 2748 ipsa
306 2663 450 2730 oratione
472 2663 580 2729 decies
610 2669 724 2746 quater
748 2665 777 2744 3,
798 2665 827 2727 8.
861 2669 966 2745 4,11.
997 2665 1027 2745 8,
1048 2667 1100 2726 21.
1136 2670 1259 2745 15,42.
1292 2671 1344 2748 21,

214 2770 265 2830 ce.
299 2769 352 2848 44,
373 2769 426 2830 ea.
452 2770 503 2849 25,
523 2771 576 2831 43.
604 2771 654 2847 34,
675 2768 727 2832 ao.
754 2771 804 2848 31,
826 2769 878 2831 33.
905 2770 955 2847 34,
975 2770 1028 2831 ao.
1055 2771 1106 2849 34,
1125 2773 1197 2834 roe.
1223 2774 1347 2851 41,rro

213 2870 274 2936 bis.
308 2873 454 2951 48,140.
505 2870 542 2933 In
573 2869 768 2935 orationibus
798 2869 941 2935 Verrinis
969 2871 1108 2952 cunctis,
1146 2870 1206 2937 hoc
1236 2879 1286 2938 331
1314 2874 1348 2946 14

212 2970 411 3037 divinatione
432 2972 466 3036 14
488 2971 674 3047 Caecilium,
701 2972 827 3037 actione
856 2972 963 3055 prima
984 2973 1018 3036 14
1041 2975 1183 3050 Verrem,
1213 2976 1347 3042 actionis

213 3074 374 3140 secundae
396 3074 486 3139 libris
509 3074 667 3156 quinque,
699 3074 818 3156 legitur
839 3085 910 3138 3313
932 3075 1119 3140 adverbium
1142 3078 1284 3160 exceptis
1306 3078 1347 3144 iis

212 3176 303 3258 lenia,
340 3176 455 3259 quibus
477 3185 550 3240 3313
573 3199 667 3261 qaam
689 3183 721 3241 et
743 3185 815 3240 34413
837 3177 978 3243 ablativo
1001 3179 1202 3243 subiunctum
1225 3181 1346 3263 reperi-

213 3285 272 3358 tur,
305 3279 414 3346 tricies
439 3280 560 3360 novies,
587 3289 681 3344 antea
700 3281 849 3362 sexagies
872 3287 930 3361 ter,
965 3281 1140 3364 eademque
1168 3280 1237 3347 lere
1265 3282 1346 3348 ratio

212 3385 261 3446 est
288 3401 347 3464 per
375 3389 499 3448 ceteras
532 3381 694 3449 orationes
723 3403 846 3449 omnes.
900 3386 1052 3450 Attamen
1084 3385 1117 3450 in
1151 3385 1347 3454 orationibus

211 3482 400 3567 Philippicis
423 3485 528 3551 denuo
552 3494 626 3550 aare
648 3485 835 3552 adverbium
858 3487 988 3572 saepius
1013 3495 1148 3572 apparet
1170 3509 1266 3570 quam
1289 3514 1348 3554 aa·

213 3594 278 3666 toa;
311 3585 375 3668 legi
406 3587 490 3652 enim
514 3596 586 3652 aare
617 3589 760 3672 exceptis
789 3589 892 3655 isdem
918 3591 1006 3671 locis,
1040 3611 1120 3672 quos
1147 3593 1242 3657 modo
1265 3592 1342 3674 dixi,

210 3689 320 3770 vicies,
354 3698 448 3754 344133
471 3690 635 3758 undecies.
681 3692 770 3758 Haec
800 3713 851 3759 res
881 3694 1041 3774 quomodo
1063 3693 1277 3760 existimanda
1306 3695 1347 3760 sit

210 3791 392 3856 accuratius
412 3812 574 3878 exponere
596 3802 725 3860 nonest
746 3795 842 3861 huius
864 3796 943 3876 loci;
968 3797 1050 3863 illud
1071 3797 1135 3863 iam
1158 3818 1242 3864 nunc
1266 3797 1347 3864 dici·

209 3912 291 3973 mus‚
310 3892 412 3959 videri
427 3895 520 3961 nobis
533 3895 720 3962 Ciceronem
731 3897 766 3962 14
777 3899 946 3982 postremis
958 3899 1155 3965 orationibus
1168 3919 1231 3964 non
1243 3920 1346 3982 pauca

209 3993 314 4061 denuo
337 3998 497 4080 recepisse
519 3997 553 4062 in
576 4018 754 4064 sermonem
778 4020 883 4080 suum,
909 4021 992 4083 quae
1010 4009 1107 4068 antea
1121 4001 1342 4085 improbasset.

295 4097 381 4164 Usus
405 4099 557 4166 similium
572 4100 794 4166 adverbiorum
815 4112 889 4185 post
910 4111 942 4170 et
961 4112 1072 4185 postca
1093 4104 1169 4169 inde
1193 4105 1232 4169 ab
1255 4103 1345 4168 initio

209 4200 294 4266 alius
324 4201 450 4268 videtur
483 4203 582 4270 fuisse
610 4203 661 4287 (ef.
686 4205 765 4269 Brix
795 4205 838 4270 ad
860 4206 967 4272 Plauti
996 4207 1086 4271 Trin.
1105 4209 1199 4289 568),
1231 4213 1346 4286 postea

210 4302 294 4366 enim
317 4303 404 4386 apud
426 4306 629 4371 Cornificium
659 4314 691 4373 et
712 4308 747 4371 in
769 4307 880 4390 primis
903 4309 1065 4374 Ciceronis
1094 4308 1220 4392 scriptis
1252 4307 1345 4371 simul
