3356 5156
669 476 725 494 -,
760 442 843 522 pros]
892 477 935 488 -
1331 443 1371 504 57

125 697 129 705 ,
233 627 367 692 tioribus
391 627 631 712 circumscripta
653 634 703 692 est
725 626 854 692 finibus.
893 628 1118 694 accusativum
1141 628 1227 694 enim
1248 649 1290 695 ex
1312 629 1373 695 hoc

235 731 332 796 verbo
359 730 502 814 pendere
526 731 694 796 voluerunt
723 730 763 796 de
791 731 906 815 priscis
936 732 1142 816 scriptoribus
1174 732 1223 797 hi:
1265 733 1367 798 Naev.

234 840 318 916 trag.
349 838 388 899 37
420 853 496 918 pag.
525 838 560 896 11
587 835 632 905 R;
664 835 768 899 Plaut.
802 834 883 899 Rud.
920 839 947 916 1,
969 839 998 916 3,
1019 837 1049 899 6.
1097 834 1189 900 (iuro.
1225 840 1258 917 1,
1279 839 1309 917 3,
1333 841 1370 898 14

238 935 292 1018 (61.
312 935 388 1000 Brix
409 935 452 1000 ad
468 937 516 1000 Pl.
534 935 623 1002 Trio.
645 939 692 1020 1);
718 937 801 1002 Eun.
820 957 895 1001 ann.
916 939 956 1001 78
970 938 1013 1010 V;
1041 938 1114 1002 Pac.
1131 940 1171 1000 56
1188 958 1264 1020 pag.
1279 938 1319 1001 84
1330 939 1367 1020 R,

232 1038 278 1102 id.
298 1041 358 1102 217
374 1059 450 1122 pag.
469 1042 539 1120 103,
566 1039 610 1104 id.
631 1041 692 1104 283
708 1060 783 1124 pag.
802 1044 879 1114 113;
906 1040 1025 1106 066611.
1046 1041 1127 1105 8161.
1150 1043 1209 1104 109
1224 1061 1256 1124 p.
1273 1046 1313 1104 54
1326 1043 1367 1120 R;

233 1143 307 1207 Ter.
333 1141 474 1226 Adelph.
506 1147 751 1223 6,4,17.12;
784 1143 907 1227 Turpil.
937 1147 996 1207 146
1026 1163 1102 1228 pag.
1132 1145 1191 1208 103
1215 1144 1258 1222 R;
1292 1145 1369 1210 Aoo.

233 1249 275 1307 40
299 1265 374 1329 pag.
404 1249 476 1323 141,
500 1244 545 1310 10.
572 1249 634 1310 500
657 1266 730 1331 pag.
752 1249 831 1325 212;
857 1246 921 1312 inc.
947 1246 1010 1312 inc.
1036 1253 1120 1329 trag.
1147 1251 1183 1309 51
1211 1267 1286 1330 pag.
1308 1251 1370 1310 242

235 1348 262 1410 lt
290 1347 341 1429 (61.
367 1347 463 1413 (loru.
490 1349 532 1430 ΙΙ,
560 1352 610 1429 26,
630 1351 703 1431 42);
720 1371 722 1378 ’
738 1347 864 1414 816666.
890 1369 966 1433 pag.
993 1351 1140 1432 283,16.
1173 1352 1247 1429 230,
1270 1353 1308 1412 12
1331 1351 1367 1414 Ρ.

233 1449 378 1516 Eandem
407 1451 672 1517 constructionem
701 1452 735 1520 in
764 1451 925 1517 Cornificii
953 1452 1044 1518 libris
1074 1451 1124 1516 bis
1151 1451 1366 1537 deprehendi:

234 1555 288 1633 IV,
317 1556 368 1634 39,
395 1559 432 1617 51
460 1563 495 1618 61
516 1555 636 1618 inimici
656 1555 764 1618 statim
786 1555 1055 1639 sanguinolentam
1072 1556 1232 1638 palmam,
1259 1559 1372 1620 616616-

233 1656 385 1721 tissimum
401 1657 564 1720 uictoriam
575 1657 673 1740 potiti
692 1658 755 1739 (ubi
770 1659 914 1740 palmam
930 1657 1023 1722 codd.
1041 1657 1079 1720 ire
1091 1679 1127 1740 n,
1150 1657 1263 1741 palma
1278 1660 1368 1737 rell.;

232 1760 399 1824 uictoriam
411 1760 481 1825 cod.
496 1760 527 1840 Ιι,
546 1759 680 1824 uictoria
695 1761 793 1843 rell),
813 1761 869 1836 IV,
885 1765 935 1840 44,
948 1763 988 1824 57
1005 1760 1111 1824 amisit
1122 1761 1269 1841 animant,
1283 1761 1372 1845 6611-

234 1871 284 1925 tus
299 1871 346 1926 est
358 1862 493 1947 pieriam
512 1863 655 1948 (61611661
671 1861 763 1928 codd.
778 1866 891 1945 666ι
913 1863 1041 1948 lcsrch,
1068 1864 1137 1928 rell.
1153 1864 1283 1948 planu),
1310 1885 1372 1946 quo

233 1966 303 2030 loco
325 1965 530 2031 accusativus
552 1966 658 2032 nescio
674 1987 715 2031 an
731 1966 825 2032 simul
841 1965 1019 2031 rhetoricae
1035 1965 1257 2032 concinnitatis
1272 1986 1373 2032 causa

235 2067 357 2151 positus
381 2069 433 2159 sit.
481 2069 600 2135 Contra
621 2069 654 2134 in
684 2089 802 2135 aureae
832 2068 948 2134 aetatis
977 2087 1074 2152 prosa
1102 2068 1245 2133 oratione
1272 2069 1375 2151 potiri

235 2172 367 2235 verbum
390 2171 554 2256 deponens
576 2192 647 2237 cum
677 2172 862 2237 accusativo
893 2192 955 2236 non
984 2171 1049 2236 iam
1076 2171 1280 2254 coniungitur
1309 2173 1371 2238 nisi

231 2295 254 2337 6
277 2273 485 2358 scriptoribus
508 2275 715 2357 quibusdam,
749 2293 830 2356 quos
861 2275 986 2358 vulgari
1015 2293 1090 2340 usos
1122 2293 1194 2340 esse
1224 2294 1370 2341 sermone

232 2384 369 2458 constat,
396 2377 689 2443 6661.0.Α1ι·.36.
717 2380 769 2440 39.
797 2381 848 2441 68.
875 2379 926 2441 87.
954 2380 1006 2442 80.
1033 2385 1117 2444 auct.
1144 2378 1366 2463 5.Η166.16;

232 2485 321 2544 certe
344 2479 433 2564 apud
455 2479 639 2545 Ciceronem
661 2488 694 2546 61
716 2480 883 2564 Nepotem,
910 2479 1101 2563 ubicumque
1130 2480 1205 2546 olim
1235 2499 1371 2544 accusa-

232 2582 319 2647 tivus
352 2581 651 2665 circumferebatur,
688 2603 791 2667 nuper
827 2589 883 2647 aut
918 2582 1079 2648 ablativus
1118 2589 1174 2647 661
1202 2582 1369 2666 genetivus

232 2686 422 2768 plerumque
445 2705 485 2750 ex
508 2684 653 2751 codicum
676 2685 961 2770 manuscriptorum
985 2685 1049 2750 fide
1065 2684 1230 2750 restitutus
1246 2692 1295 2750 est
1316 2684 1368 2768 (61.

235 2788 436 2871 Wesenberg
462 2788 496 2852 in
525 2788 646 2854 Baiteri
675 2796 707 2854 61
734 2789 854 2854 Halmii
885 2788 1024 2854 editione
1053 2788 1096 2854 ad
1118 2787 1187 2854 016.
1212 2789 1310 2852 Tusa.
1339 2792 1367 2868 1,

233 2894 284 2970 37,
306 2894 363 2970 9ος
391 2899 558 2975 praeterea
580 2891 645 2957 vid.
672 2892 727 2958 161.
755 2895 858 2974 7,.13.
885 2891 939 2956 off.
959 2895 988 2972 2,
1010 2894 1061 2970 23,
1082 2892 1140 2968 81;
1168 2891 1288 2974 Lupus,
1315 2891 1372 2952 der

231 2995 504 3078 spraohpebraacb
527 2996 580 3058 des
606 2991 769 3060 Cornelias
792 2997 898 3076 Nepos
920 3013 995 3077 pag.
1022 2995 1073 3074 72,
1100 2991 1142 3057 ad
1165 2993 1246 3076 Nep.
1273 2991 1367 3056 Eum.

232 3101 263 3176 3,
280 3101 326 3177 4).
366 3097 546 3182 Usurputur
567 3105 676 3163 tamen
698 3097 785 3162 haud
806 3097 853 3162 ita
873 3117 944 3161 raro
960 3118 980 3162 a
995 3094 1228 3181 probatissimis
1244 3115 1370 3177 quoque

233 3200 441 3285 scriptoribus
465 3200 560 3265 huius
583 3200 672 3265 verbi
694 3199 906 3284 gerundivum
925 3199 1105 3281 patientia
1133 3198 1283 3282 exempla
1304 3199 1373 3263 col-

234 3302 313 3385 legit
335 3303 425 3368 10666
448 3303 500 3366 11²
522 3323 597 3387 pag.
618 3306 692 3366 264.
716 3340 753 3350 -
778 3302 826 3365 En
848 3320 967 3367 aureae
990 3300 1105 3365 aetatis
1126 3299 1230 3384 poetis
1253 3301 1373 3367 Lucre-

233 3405 297 3470 tius
317 3406 461 3488 potiendi
488 3408 619 3472 verbum
648 3426 719 3472 oum
750 3404 934 3471 accusativo
964 3403 1143 3468 coniunxit:
1177 3408 1207 3485 2,
1229 3405 1302 3468 653.
1338 3406 1366 3484 3,

238 3510 329 3571 1038.
358 3513 387 3587 4,
414 3511 540 3591 76066.
573 3510 622 3591 (61.
649 3509 771 3590 Η61166,
805 3515 890 3592 synt.
917 3507 1012 3572 Lucr.
1038 3505 1095 3570 lin.
1121 3527 1197 3590 pag.
1225 3507 1297 3587 37(;
1332 3527 1372 3571 ex

232 3605 418 3692 posterioris
441 3612 558 3677 aetatis
581 3613 788 3696 scriptoribus
812 3611 924 3678 eadem
948 3617 1107 3675 structura
1129 3609 1180 3675 usi
1199 3616 1273 3675 sunt
1288 3629 1316 3674 e.
1336 3629 1368 3692 g.

233 3711 283 3773 hi:
332 3714 410 3778 Tac.
443 3734 518 3779 ann.
554 3720 610 3779 11.
639 3719 696 3780 10;
739 3715 836 3798 Apul.
867 3721 943 3780 met.
979 3718 1028 3794 10,
1054 3716 1106 3776 35.
1143 3710 1211 3776 flor.
1245 3715 1281 3794 2,
1311 3716 1367 3788 15,

233 3812 317 3877 Gell.
342 3819 481 3894 13,1,5;
501 3816 615 3880 Ι66116.
635 3821 665 3897 6,
679 3822 707 3897 4,
722 3818 753 3880 8.
773 3819 844 3897 9,7,
864 3819 912 3879 12.
936 3819 985 3896 12,
1003 3818 1032 3891 7,
1051 3819 1090 3876 10
1113 3814 1163 3897 (61.
1183 3815 1372 3898 DraegerI²

232 3935 306 3998 pag.
323 3920 396 3979 570.
438 3917 604 3982 Antibarb.
623 3939 699 4002 pag.
719 3919 793 3982 892.
834 3917 975 3984 Kochler
990 3923 1052 3982 661.
1071 3916 1138 3981 llrl.
1159 3918 1263 4002 Ipag.
1279 3920 1368 3999 432).

317 4017 447 4084 Praeter
469 4021 688 4086 accusativum
710 4019 797 4104 apud
817 4018 1020 4086 (lomificium
1037 4019 1143 4102 potiri
1162 4020 1213 4084 vel
1230 4021 1370 4102 potitam

228 4144 295 4184 osse
317 4122 501 4204 genetivum
525 4144 651 4206 quoque
667 4124 778 4189 habet:
803 4125 858 4205 IV,
878 4127 930 4206 25,
951 4127 990 4188 34
1014 4121 1253 4187 Atheniensium
1268 4122 1372 4204 potiti

226 4233 302 4288 6661
323 4227 523 4308 Spartiatae,
551 4228 605 4309 IV,
633 4230 683 4310 32,
704 4230 744 4289 43
773 4250 834 4290 non
866 4235 929 4290 torn
958 4226 1019 4290 cito
1050 4225 1187 4288 sarissae
1213 4225 1366 4289 Graeciae

221 4327 324 4409 potiti
342 4338 429 4407 sant3
463 4350 558 4412 quam
588 4337 778 4396 structuram
808 4349 1000 4414 quamquam
1030 4349 1070 4394 ue
1100 4326 1213 4411 optimi
1236 4327 1366 4410 quidem
