3356 5156
316 404 356 463 oo
748 439 792 448 -
839 403 922 484 [coo]
982 437 1014 448 -

401 590 551 671 Ropuudl
571 591 713 672 verbum,
740 590 795 654 nbi
813 609 853 654 ex
868 608 904 654 eo
921 589 1060 672 pendent
1075 587 1138 653 duo
1153 589 1289 664 obiecta,
1314 589 1450 654 alterum

313 711 469 774 personae
492 693 627 758 alterum
644 693 699 770 rei,
727 692 929 774 coniungitur
944 711 1015 757 cum
1036 690 1156 776 duplici
1172 691 1354 757 accusativo
1370 699 1447 771 tum,

315 813 387 858 cum
410 814 461 859 res
490 796 614 878 prolata
644 801 693 861 est
720 815 838 879 genere
867 802 979 862 neutro
1009 794 1206 882 pronominis
1233 795 1370 860 alicuius
1400 796 1452 861 vel

316 895 484 961 adiectivi:
511 897 631 979 alioqui
654 898 765 982 optimi
789 897 960 981 scriptores
984 903 1118 982 excepta
1139 917 1203 961 una
1224 898 1382 962 locutione
1398 921 1451 961 ro-

313 1021 390 1083 pare
413 1000 550 1085 aliquem
572 1000 756 1066 sententiam
780 1001 887 1067 dicere
911 1001 1015 1066 solent
1037 1007 1093 1066 aut
1114 1022 1228 1083 rapace
1256 1001 1392 1085 aliquem
1414 1003 1451 1066 de

315 1103 422 1186 aliqua
444 1125 479 1166 re
501 1109 557 1168 aut
579 1103 735 1168 similiter.
783 1105 825 1168 At
847 1103 1035 1170 Cornificius
1058 1104 1104 1168 ait
1132 1126 1245 1189 ropare
1268 1105 1391 1187 aliquid
1411 1107 1450 1168 ab

316 1204 421 1289 aliquo
445 1206 498 1283 IV,
526 1211 577 1288 50,
597 1209 654 1272 63:
681 1215 717 1270 ut
731 1243 773 1254 -
789 1209 827 1270 ab
850 1205 1003 1270 auunculo
1025 1215 1153 1290 ropetur
1176 1206 1346 1289 Aethiops;
1373 1207 1450 1272 item

316 1307 397 1371 Sall.
423 1310 492 1390 Ing.
520 1313 610 1391 64,1
648 1310 687 1372 ab
710 1309 840 1374 Metello
863 1347 905 1356 —
927 1309 1103 1372 missionem
1132 1316 1233 1392 rapat.
1281 1308 1325 1373 Of
1358 1309 1451 1373 Anti-

315 1411 405 1476 barb.
431 1432 507 1495 pag.
530 1417 622 1476 1030.

403 1516 464 1579 Pro
476 1516 594 1599 facere
617 1515 753 1599 aliquem
776 1516 954 1578 benevolum
981 1513 1075 1597 (quod
1096 1514 1289 1579 adiectivnm
1313 1514 1451 1598 exempli

315 1617 420 1698 gralia
442 1617 546 1720 posui)
573 1618 625 1682 vel
648 1619 777 1682 reddere
800 1617 937 1702 aliquem
961 1619 1151 1699 benevolum,
1178 1616 1293 1698 quibus
1316 1617 1451 1681 locutio-

316 1719 410 1785 nibus
432 1720 465 1785 in
487 1720 716 1804 posterioribus
739 1719 829 1786 libris
849 1719 947 1785 utitur
962 1720 1084 1802 Cicero,
1110 1719 1254 1786 inlibris
1277 1719 1317 1784 de
1339 1720 1452 1785 inven-

291 1822 402 1888 'tionc
425 1823 474 1888 bis
497 1823 579 1888 dixit
602 1824 750 1908 conficere
772 1823 908 1907 aliquem
939 1824 1117 1887 benevolum
1148 1832 1206 1887 etc'.
1232 1824 1257 1902 Ι,
1287 1828 1335 1904 15,
1356 1827 1397 1886 20
1425 1824 1455 1886 si

317 1948 386 1990 eum
417 1927 595 1990 benevolam
627 1935 780 1992 attentum
809 1926 938 1990 docilem
966 1927 1136 2012 confecerit
1170 1926 1369 2008 (Cornificius
1399 1927 1453 1991 ubi

317 2030 357 2095 de
380 2030 492 2096 eadem
515 2050 550 2096 re
572 2030 712 2112 loquitur
725 2031 750 2102 l,
772 2034 802 2108 4,
823 2034 851 2104 7,
878 2029 969 2095 dicit:
990 2029 1185 2112 principiam
1201 2039 1247 2094 est
1261 2053 1331 2094 cum
1345 2031 1452 2093 statim

316 2133 455 2196 animam
477 2133 631 2196 auditoris
653 2133 743 2196 nolis
765 2132 909 2196 idoneum
931 2133 1091 2196 reddimus
1117 2135 1162 2196 ad
1188 2133 1394 2207 audiendum,
1421 2138 1453 2197 et

317 2237 413 2318 paulo
436 2235 536 2300 infra:
569 2236 618 2299 sin
640 2235 756 2299 humile
777 2257 875 2318 penus
896 2235 956 2299 erit
978 2257 1105 2311 causae,
1139 2236 1325 2316 (auditores)
1344 2235 1451 2318 facic-

316 2361 384 2402 mus
406 2342 550 2416 attentos}
578 2346 610 2405 et
630 2340 656 2418 l,
684 2344 736 2419 55,
759 2343 819 2402 too
842 2341 981 2403 ammam
1003 2337 1156 2402 auditoris
1179 2337 1285 2401 mitem
1308 2346 1339 2401 et
1359 2338 1453 2400 mise-

316 2441 469 2506 ricordem
486 2442 632 2524 corficere
655 2449 788 2524 oportet.
829 2443 975 2506 Poteram
998 2441 1050 2506 vel
1074 2439 1228 2506 debebam
1252 2440 1337 2505 hunc
1359 2459 1451 2504 usuum

317 2544 465 2627 corptcerc
495 2544 582 2609 verbi
612 2565 708 2628 snpra
736 2547 829 2628 p.10
858 2563 928 2609 cum
956 2543 997 2607 iis
1025 2543 1132 2609 verbis
1161 2543 1345 2628 compositis
1375 2564 1451 2608 con-

316 2646 459 2729 iungere,
486 2666 569 2728 quae
592 2667 649 2730 pro
673 2646 872 2730 simplicibus
896 2653 1101 2730 usurpantur.

403 2748 570 2832 Pergimus
593 2748 635 2816 ad
658 2749 860 2842 accusativos
890 2749 1011 2831 aliquot
1034 2767 1112 2831 quos
1136 2756 1250 2814 vocant
1273 2750 1447 2826 absolutos,

318 2855 373 2935 qui
396 2874 468 2919 oum
491 2853 594 2936 magis
617 2853 769 2919 cotidiani
792 2853 947 2918 sermonis
971 2871 1043 2918 esse
1065 2852 1259 2928 viderentur,
1285 2853 1319 2918 in
1335 2874 1452 2919 aureae

317 2957 432 3024 aetatu
463 2956 651 3040 scriptorum
682 2975 773 3022 usum
802 2957 905 3021 rarius
937 2963 1011 3021 sont
1038 2955 1159 3039 recepti
1192 2957 1242 3040 [cf.
1273 2957 1452 3040 Draegerl

316 3061 396 3144 §il
444 3061 484 3124 Hi
508 3059 592 3126 enim
615 3059 772 3126 eiusmodi
795 3058 1005 3138 accusativos
1034 3079 1104 3124 cum
1120 3078 1183 3124 uon
1200 3059 1279 3124 satis
1295 3059 1453 3142 quadrare

316 3163 502 3229 viderentur
523 3162 564 3227 ad
580 3162 858 3246 grammaticorum
874 3168 1058 3246 praecepta,
1072 3163 1272 3246 plerumque
1291 3163 1452 3247 aspernati

318 3271 407 3344 aunt;
445 3272 631 3332 manserunt
664 3273 773 3346 tamen
810 3284 932 3349 paucae
966 3263 1140 3340 formulae,
1177 3266 1265 3330 velut
1294 3287 1449 3348 mappam,

317 3370 486 3434 maalmam
507 3377 650 3451 partem,
679 3368 807 3434 similia.
855 3367 956 3432 Nobis
985 3367 1132 3451 inprimis
1158 3367 1318 3449 agendum
1342 3375 1392 3431 est
1413 3369 1453 3432 de

317 3473 375 3535 loc
395 3495 504 3556 penus,
529 3473 565 3534 ld
583 3495 691 3556 penus,
718 3491 932 3555 campanus:
959 3470 1073 3551 quibus
1097 3468 1307 3533 locutionibus
1330 3468 1452 3553 primus

318 3575 444 3639 videtur
464 3593 541 3640 usus
564 3593 636 3640 esse
659 3574 739 3639 sato
762 3595 788 3638 r.
814 3594 840 3637 r.
867 3574 897 3655 8,
917 3576 936 3635 2
964 3571 1090 3634 lartum
1113 3591 1201 3634 omne
1220 3593 1333 3654 penus,
1365 3595 1453 3635 coro-

319 3685 465 3740 namenta
488 3698 576 3739 omne
595 3699 705 3760 panus.
746 3675 841 3760 Apud
857 3676 1004 3740 Plautum
1029 3673 1114 3738 enim
1136 3679 1169 3738 et
1190 3679 1314 3740 ceteros
1332 3675 1453 3741 Catone

317 3779 513 3861 antiquiores
535 3780 706 3864 scriptores
734 3798 891 3861 nusquam
921 3778 1006 3844 hunc
1035 3776 1188 3859 loquendi
1216 3798 1308 3844 usum
1337 3778 1452 3864 depre-

318 3881 425 3960 hendi
452 3882 548 3946 immo
563 3882 698 3948 Plautus
721 3881 958 3963 dixissent,
979 3885 1009 3963 2,
1030 3884 1069 3944 13
1093 3882 1136 3944 ad
1156 3881 1213 3944 loc
1233 3903 1331 3964 penus
1353 3881 1453 3944 domi-

318 4006 415 4047 num.
456 3988 486 4066 2,
506 3991 537 4067 4,
559 3990 618 4050 140
634 4004 683 4067 sq.
715 4005 813 4068 penus
842 3985 927 4067 quod
945 4023 989 4030 —
1017 3983 1201 4048 lominum.
1236 3989 1278 4062 ’4,
1299 3987 1329 4065 3,
1349 3986 1389 4048 39
1419 3983 1455 4045 id

315 4108 414 4170 penus
429 4087 617 4150 lominum.
651 4088 748 4152 Poen.
764 4091 794 4166 4,
807 4088 838 4167 2,
851 4089 870 4148 9
887 4086 1016 4169 quodvis
1030 4107 1127 4168 percus
1141 4121 1177 4132 -
1197 4085 1373 4148 lominum
1388 4092 1448 4150 eis.

317 4190 393 4254 Post
408 4189 560 4256 Catonem
583 4190 619 4254 id
636 4212 733 4273 penus
756 4195 816 4254 etc.
843 4189 988 4253 absolute
1011 4193 1184 4270 posuerunt
1204 4187 1374 4271 scriptores
1397 4187 1448 4252 hi:

317 4292 417 4357 Lucil.
444 4292 508 4372 XI,
536 4299 554 4354 5
585 4313 660 4376 pag.
688 4296 728 4355 56
752 4291 784 4354 M
812 4291 848 4353 id
872 4292 961 4373 pecul
992 4290 1100 4352 rudus.
1148 4289 1229 4372 XX,
1265 4294 1382 4374 3pag.
1411 4295 1450 4352 75
