3356 5156
299 431 336 498 16
471 419 474 424 ’
729 473 772 484 -
820 432 903 520 [662]
950 471 994 484 -κ

294 625 481 707 plerumque
505 626 736 708 exprimeretur
758 627 875 691 verbis.
916 628 1094 692 Luculento
1118 627 1264 712 exemplo
1287 635 1336 692 est
1351 647 1426 710 par-

293 728 391 793 ticula
416 728 549 809 tametsi,
577 749 617 793 ex
641 733 766 812 16666122)
795 736 827 793 61
849 729 908 792 6161
929 730 1122 813 composita;
1156 739 1229 814 post
1251 751 1320 795 oum
1346 729 1429 794 duae

293 832 383 898 verbi
406 839 516 915 partes
538 838 718 896 contractae
741 839 849 897 essent
871 839 904 897 et
930 833 962 896 in
992 853 1089 897 unum
1119 833 1211 915 quasi
1239 853 1355 917 corpus
1383 834 1429 897 ita

292 935 503 1012 coaluissent,
541 941 575 999 ut
605 954 663 1019 pro
691 955 754 999 uno
783 935 1003 1019 acciperentur
1032 936 1142 1016 verbo,
1176 936 1262 1000 haud
1292 957 1364 1000 raro
1394 936 1426 999 in

293 1037 426 1120 apodosi
456 1037 598 1102 additum
629 1045 677 1102 est
706 1039 842 1102 alterum
872 1046 990 1117 tamea,
1023 1059 1086 1121 quo
1114 1039 1263 1123 opposita
1294 1040 1427 1104 duarum

293 1140 545 1206 enuntiationum
561 1140 719 1205 sententia
739 1142 918 1206 accuratius
935 1143 1183 1226 exprimeretur3
1210 1143 1351 1207 abundat
1366 1143 1429 1225 igi-

293 1251 344 1307 tur
366 1244 500 1308 alterum
526 1253 639 1308 tameo.
679 1244 720 1307 Et
742 1245 940 1327 grammatici
964 1245 1017 1310 ubi
1040 1246 1161 1310 Romae
1185 1247 1375 1311 exstiterunt
1398 1254 1428 1309 61

292 1346 531 1429 intellegendae
554 1348 710 1411 sermonis
731 1348 916 1431 proprietati
946 1369 1075 1432 operam
1098 1369 1218 1413 navare
1241 1360 1423 1432 coeperunt,

292 1450 389 1532 plane
413 1469 686 1534 supervacaneum
709 1471 781 1515 esse
804 1452 938 1516 alterum
963 1460 1064 1515 tamea
1086 1459 1334 1536 perspexerunt;
1365 1473 1427 1534 quo

291 1552 335 1632 111,
362 1560 397 1617 ut
420 1554 595 1617 16216161-
611 1563 712 1616 tamea
734 1553 767 1616 in
790 1554 1020 1637 posterioribus
1036 1554 1199 1621 Ciceronis
1215 1556 1305 1620 libris
1328 1557 1426 1620 multo

292 1657 394 1722 rarius
416 1663 562 1722 occurrat
584 1677 679 1738 quam
701 1657 735 1720 in
757 1656 798 1720 iis
821 1677 901 1738 quos
924 1658 1042 1740 primos
1066 1658 1211 1723 confecit.

378 1761 456 1842 Legi
478 1767 584 1824 autem
609 1760 785 1822 tametsi-
802 1768 904 1822 tamea
920 1761 1005 1844 apud
1021 1761 1115 1826 Corn.
1134 1763 1161 1838 Ι,
1181 1766 1210 1844 7,
1234 1768 1283 1824 11.
1309 1763 1350 1841 ΙΙ,
1371 1767 1422 1844 20,

293 1866 343 1926 61.
370 1866 422 1942 26,
443 1869 494 1926 ro.
527 1864 581 1944 lv,
609 1865 660 1943 26,
681 1865 733 1928 aa.
759 1867 812 1939 21,
832 1866 883 1925 29.
910 1867 962 1942 26,
983 1867 1035 1927 aa.
1069 1867 1122 1940 37,
1141 1867 1193 1927 16.
1219 1870 1271 1946 66,
1292 1871 1343 1928 ao.
1371 1870 1422 1940 61,

292 1970 345 2042 64,
363 1966 449 2050 apud
462 1966 649 2031 Ciceronem
665 1967 698 2030 in
713 1966 870 2050 prioribus
883 1966 973 2032 libris
985 1967 1050 2031 inv.
1070 1968 1095 2050 Ι,
1112 1970 1163 2050 20,
1180 1971 1232 2032 28.
1251 1969 1294 2032 ΙΙ.
1310 1973 1358 2049 16,
1372 1973 1422 2030 ol.

290 2070 416 2146 Quinct.
450 2073 553 2150 3,13.
600 2071 693 2134 Roso.
727 2071 799 2134 Am.
830 2074 877 2151 17,
897 2073 948 2133 49.
983 2073 1035 2152 20,
1056 2077 1106 2133 55.
1141 2075 1192 2151 20,
1214 2075 1266 2135 56.
1298 2076 1351 2152 27,
1371 2075 1422 2162 73.

292 2179 342 2256 30,
363 2177 414 2237 85.
441 2179 493 2255 40,
516 2177 586 2236 117.
606 2176 658 2254 42,
680 2177 757 2253 123,
783 2155 860 2238 item
875 2173 909 2237 in
924 2173 964 2238 iis
981 2174 1177 2239 orationibus
1193 2195 1275 2257 quae
1291 2176 1426 2240 Roscia-

291 2297 365 2341 nam
389 2277 569 2362 excipiunt:
596 2277 682 2340 Tull.
708 2278 724 2359 0
749 2283 779 2340 5.
799 2281 830 2339 6.
850 2280 890 2340 39
914 2284 975 2342 616.
1002 2283 1063 2342 616.
1094 2277 1145 2360 (of.
1171 2278 1335 2343 Hellmutb
1359 2286 1422 2344 aot.

291 2381 356 2446 Erl.
382 2383 399 2445 I
428 2402 505 2465 pag.
534 2382 624 2464 160);
657 2381 690 2443 in
720 2381 886 2463 epistulis,
918 2382 1006 2445 velut
1033 2381 1110 2444 fam.
1139 2387 1166 2462 1,
1187 2349 1268 2462 511.
1295 2386 1422 2464 3,4,1.

170 2534 172 2540 ,
290 2490 321 2565 4,
344 2488 393 2565 16,
412 2487 443 2546 2.
472 2485 520 2565 13,
543 2487 601 2560 71;
627 2471 661 2547 ‘at
683 2483 847 2565 aliquanto
869 2484 972 2548 rarius
994 2483 1027 2548 in
1050 2483 1278 2567 posterioribus
1295 2469 1424 2569 scriptis

292 2588 380 2653 velut
395 2589 475 2652 Mur.
495 2591 525 2667 7,
548 2590 597 2649 16.
623 2586 664 2650 de
687 2607 732 2650 or.
758 2589 786 2665 Ι,
805 2590 855 2669 61,
877 2590 950 2650 262.
976 2588 1017 2668 ΙΙ,
1046 2591 1096 2668 62,
1113 2590 1186 2650 210.
1227 2588 1424 2670 Saepissime

291 2691 467 2755 16626161-
481 2699 582 2753 tamea
598 2689 848 2773 deprehenditur
861 2689 895 2753 in
908 2690 1059 2755 Caesaris
1075 2690 1310 2754 commentariis
1326 2697 1358 2754 61
1372 2691 1423 2754 in-

289 2794 403 2880 primis
432 2792 520 2876 apud
549 2791 752 2857 Sallustium:
795 2791 888 2856 Caes.
915 2793 946 2856 b.
972 2793 1050 2874 gall.
1079 2796 1113 2869 1,
1133 2795 1183 2872 30,
1203 2793 1234 2852 2.
1267 2797 1297 2870 6,
1318 2794 1369 2874 34,
1390 2796 1420 2854 2.

172 2905 175 2910 ’
291 2903 320 2978 7,
341 2901 394 2973 46,
413 2903 443 2960 r.
477 2900 528 2977 66,
549 2897 580 2958 2.
605 2895 636 2958 u.
663 2894 723 2959 civ.
759 2897 914 2974 1,26,2.
947 2897 978 2970 2,
997 2898 1049 2970 67,
1068 2899 1104 2970 4,
1137 2893 1216 2958 sau.
1242 2893 1311 2958 cat.
1339 2897 1368 2975 6,
1389 2896 1419 2955 2.

290 3004 320 3082 3,
340 3005 370 3062 4.
403 3003 454 3081 26,
476 3003 505 3060 1.
537 3000 589 3074 21,
611 3001 639 3059 1.
673 3001 725 3072 46,
751 3002 781 3059 5.
815 3001 866 3078 62,
887 3001 916 3060 6.
964 2998 1034 3080 lug.
1069 3000 1099 3076 6,
1119 2999 1149 3058 2.
1184 3001 1234 3078 11,
1257 3001 1284 3058 1.
1319 3000 1368 3079 13,
1389 3000 1420 3060 3.

292 3107 342 3184 16,
362 3107 392 3167 3.
419 3105 471 3182 20,
492 3107 522 3165 5.
549 3103 674 3181 25,11.
701 3103 753 3183 26,
774 3103 804 3163 2.
831 3103 932 3175 29,.2.
960 3103 1011 3176 31,
1031 3103 1083 3162 21.
1111 3103 1163 3177 32,
1181 3103 1212 3162 2.
1239 3103 1340 3178 34,1.
1368 3103 1418 3182 38,

289 3210 325 3286 0;
355 3206 431 3270 inde
460 3212 566 3269 autern
596 3225 616 3268 a
646 3203 753 3287 capite
783 3203 1117 3291 undequadragesimo
1139 3223 1241 3283 usque
1264 3204 1305 3267 ad
1327 3203 1422 3268 finem

287 3309 360 3373 libri
373 3309 546 3373 Sallustius
559 3309 655 3390 plane
668 3307 801 3372 evitavit
816 3306 986 3370 tametsi-
998 3314 1112 3368 tamea:
1125 3305 1172 3388 of.
1188 3305 1349 3370 Woelfflin
1361 3307 1383 3368 l.
1396 3307 1420 3369 l.

288 3432 363 3494 pag.
393 3413 464 3473 142.
512 3411 681 3475 Praeterea
711 3409 752 3473 cf.
777 3409 860 3473 Hirt.
891 3409 924 3473 b.
950 3408 1029 3490 gall.
1059 3411 1088 3487 8,
1119 3412 1167 3488 10,
1194 3412 1224 3469 4.
1260 3409 1289 3486 8,
1309 3411 1360 3489 20,
1383 3411 1417 3486 13

287 3513 436 3579 Edictum
468 3511 594 3577 Claudii
624 3511 692 3575 CIL
715 3511 778 3575 vol.
804 3511 842 3584 V,
876 3514 958 3572 5050
989 3509 1115 3572 tametsi
1140 3507 1356 3572 animaduerto
1379 3547 1422 3555 —

177 3605 183 3614 ’
289 3628 391 3682 tamea
413 3655 456 3663 —
477 3615 604 3698 paidom
645 3614 761 3677 Ascon.
794 3613 828 3676 in
858 3613 965 3676 Pison.
998 3633 1073 3697 pag.
1101 3616 1136 3694 2,
1166 3616 1204 3674 14
1235 3612 1357 3677 Kicssl.
1390 3620 1422 3677 ct

289 3721 433 3797 Schoell;
459 3719 593 3796 Quintil.
620 3721 649 3797 0,
671 3721 700 3796 3,
721 3719 758 3795 2;
783 3715 894 3780 lustin.
923 3719 1004 3798 8,1,
1029 3721 1065 3780 10
1089 3721 1230 3781 616616.
1271 3716 1322 3780 Ex
1345 3738 1420 3782 con-

286 3825 382 3890 trario
406 3824 497 3888 deest
519 3820 647 3887 omnino
671 3819 797 3884 tametsi
809 3857 853 3866 -
869 3828 971 3883 tamea
993 3819 1080 3903 apud
1102 3820 1269 3903 Nepotem.

374 3926 477 3992 Simili
500 3924 594 3988 modo
616 3922 658 3987 ad
680 3922 778 3986 7211116
804 3922 905 3986 minas
934 3941 1034 4006 saepe
1056 3921 1185 3986 additur
1208 3929 1328 3998 tamea,
1359 3942 1421 4003 quo

287 4030 516 4108 additamento,
549 4027 576 4092 si
598 4032 747 4091 accurate
776 4033 916 4108 spectes,
950 4027 1047 4109 plane
1075 4046 1138 4089 non
1167 4031 1217 4089 est
1246 4045 1341 4108 opus;
1376 4024 1417 4088 of.

176 4150 179 4160 ’
289 4133 382 4197 Hand
398 4133 491 4196 Turs.
506 4131 551 4195 IV
567 4151 641 4214 pag.
657 4133 734 4208 201;
761 4119 862 4193 adde:
889 4130 980 4194 Varr.
999 4129 1021 4192 l.
1040 4128 1063 4190 l.
1082 4131 1111 4207 8,
1131 4129 1199 4210 §28
1216 4128 1246 4189 Μ
1264 4115 1420 4190 tamea-

286 4238 384 4300 sibilo
406 4235 523 4311 mirram
550 4233 617 4299 Cio.
641 4234 726 4297 Tull.
752 4233 844 4316 §393
870 4233 953 4316 Nep.
979 4232 1044 4294 Att.
1072 4233 1123 4310 22,
1144 4233 1179 4308 3;
1207 4229 1279 4293 Gai.
1306 4234 1418 4310 2170

288 4349 390 4404 tacuero
422 4338 519 4401 nihilo
550 4337 669 4413 minam
707 4337 854 4402 Lactant.
881 4339 910 4415 7,
938 4337 1046 4413 3,19;
1084 4333 1205 4436 Auson.
1237 4340 1320 4414 grat.
1353 4340 1416 4398 aot.
