3356 5156
656 446 700 457 -
747 411 832 492 [aaa]
878 443 922 456 -
1282 392 1286 404 ‘
1316 409 1355 470 rr

225 598 295 663 Col.
310 597 385 680 XII,
403 599 421 661 3
439 597 582 661 termium
597 619 735 661 seorsum
754 619 843 661 armo
859 620 896 660 oo
914 597 976 661 tela
991 597 1229 678 asportabantur,
1255 594 1360 661 Bait.-

224 701 328 784 Kays.
354 701 418 766 rol.
444 700 493 765 XI
514 720 548 784 p.
574 701 625 783 52)
656 699 766 783 nequit
794 699 956 782 dignosci,
989 717 1060 764 oum
1083 697 1178 763 liccat
1200 696 1357 777 dubitare,

224 810 329 868 utrum
352 801 432 868 haee
453 802 556 887 ipsius
573 802 736 870 Ciceronis
759 823 800 868 an
823 803 928 886 potius
945 801 1141 867 Columellas
1164 799 1228 867 sint
1243 801 1357 877 verba;

225 913 310 971 certa
331 905 364 970 in
387 904 616 990 posterioribus
638 905 728 971 libris
744 904 856 971 Cicero
878 910 1061 970 constanter
1078 902 1156 969 dicit
1175 902 1356 986 separatim.

226 1008 276 1074 Cl.
301 1008 392 1074 Neue
414 1008 468 1072 112
489 1028 565 1092 pag.
592 1011 665 1072 637.

310 1111 360 1174 Ex
377 1110 665 1193 praepositionibus
687 1131 782 1175 unam
807 1109 923 1176 affero:

310 1217 398 1278 Pone
421 1213 508 1299 apud
531 1213 625 1280 Corn.
651 1214 707 1292 IV,
736 1217 785 1291 10,
809 1216 846 1274 14
875 1234 957 1295 porte
983 1233 1127 1276 scaenam
1157 1219 1188 1274 et
1216 1211 1250 1274 ia
1279 1211 1361 1275 eius-

225 1317 311 1380 modi
323 1315 400 1380 locis
416 1315 602 1393 exerciturm
630 1315 730 1380 semel
746 1333 823 1382 usus
839 1320 889 1380 est
904 1313 965 1380 hae
979 1313 1215 1398 praepositione
1231 1313 1359 1380 Ciceros

226 1419 309 1483 lim.
338 1423 377 1484 10
397 1441 479 1502 poue
501 1441 578 1506 quos
600 1427 656 1482 aut
678 1426 750 1482 ante
779 1418 941 1494 labantem
975 1415 1136 1498 ceteroqui
1165 1414 1249 1481 dixit
1271 1425 1359 1500 post.

227 1520 277 1586 Cf.
304 1521 470 1587 Antibarb.
496 1541 574 1606 pag.
601 1523 682 1602 8793
708 1518 918 1585 Handans.
944 1518 989 1583 IV
1011 1539 1043 1602 p.
1064 1520 1125 1582 478
1142 1538 1230 1601 sqq.;
1258 1518 1362 1584 Dras-

226 1643 284 1707 ger
306 1631 390 1708 synt.
415 1623 491 1690 bist.
515 1625 553 1688 Ι2
578 1643 654 1708 pag.
680 1626 753 1704 599,
780 1623 833 1705 qui
856 1641 967 1686 vocem
995 1620 1085 1685 illam
1112 1639 1185 1687 esse
1208 1621 1363 1688 sermonis

227 1726 334 1810 plebei
363 1732 451 1792 recte
478 1725 604 1792 videtur
626 1725 819 1803 coniecisse;
846 1722 1004 1789 Ammian.
1032 1725 1084 1804 29,
1106 1728 1136 1804 5,
1156 1726 1208 1786 47.
1238 1727 1359 1805 15,1o,

227 1834 258 1891 4.
285 1831 446 1909 25,1,18
470 1830 605 1909 etan

312 1932 486 2014 Postquam
510 1930 625 2014 quibus
648 1929 770 1996 artibus
792 1930 842 1994 usi
864 1929 975 2010 sintii,
1002 1929 1057 2012 qui
1074 1928 1237 1995 Ciceronis
1256 1935 1363 1997 aetate

226 2033 454 2117 perpoliendae
476 2033 608 2116 linguae
631 2033 752 2098 latinae
775 2051 885 2097 euram
904 2030 1145 2116 impendebant,
1172 2050 1363 2115 cognoscere

228 2142 269 2211 ct,
296 2135 374 2218 quid
397 2135 533 2219 singulis
556 2134 734 2201 litterarum
757 2133 927 2198 latinarum
951 2131 1112 2198 aetatibus
1130 2132 1162 2196 in
1178 2152 1239 2199 usu
1254 2133 1359 2210 fuerit,

228 2237 366 2303 enodare
389 2236 584 2319 studuimus,
617 2255 688 2302 eam
719 2255 802 2318 quae
832 2240 977 2318 superest
998 2233 1165 2300 materiam
1188 2234 1364 2300 secundum

227 2339 371 2422 vulgaris
399 2338 628 2421 grammaticae
657 2336 911 2404 distributionem
945 2336 987 2400 ad
1014 2335 1111 2402 finem
1140 2335 1359 2420 perducemus.

228 2441 268 2506 ut
290 2440 331 2506 de
354 2440 525 2505 formarum
548 2438 678 2522 quidem
701 2439 845 2506 doctrina
866 2458 988 2523 pauca,
1021 2437 1186 2520 aliquanto
1209 2440 1300 2525 plura
1323 2439 1363 2507 de

228 2543 357 2628 syntaxi
380 2542 528 2608 videntur
550 2541 772 2621 memoranda;
806 2541 848 2606 ad
877 2547 1053 2607 extremum
1076 2542 1184 2626 capita
1206 2543 1363 2626 quaedam

229 2646 347 2711 selecta
369 2665 408 2710 ex
431 2645 655 2710 vocabulorum
680 2643 868 2710 formatione
890 2664 1115 2730 proponemus.
1288 2641 1291 2648 ’

662 2890 826 2994 Caput
857 2891 917 2974 H.

562 3069 613 3137 lla
629 3070 876 3136 vocabulorum
892 3069 1032 3136 formis.

574 3227 591 3308 q
617 3229 645 3288 1.
694 3226 749 3288 De
771 3223 1016 3289 nominibus.

315 3361 393 3427 Cum
416 3381 465 3443 aa,
491 3380 555 3443 qua
571 3361 759 3428 Cornificius
782 3359 941 3426 rhetorica
956 3359 998 3424 ad
1013 3358 1208 3424 Herennium
1225 3359 1363 3426 scribere

230 3466 350 3549 eoepit,
387 3471 494 3532 aetate
516 3484 635 3531 aureae
657 3483 741 3546 quae
763 3463 879 3528 dicitur
901 3462 1069 3528 latinitatis
1094 3461 1215 3528 formae
1237 3483 1277 3528 ex
1299 3467 1363 3548 pri-

230 3586 353 3634 scorum
378 3567 566 3652 scriptorum
590 3567 699 3634 formis
723 3565 877 3650 paulatim
900 3565 1047 3632 excultae
1069 3565 1187 3632 fuerint
1214 3571 1247 3631 et
1267 3585 1363 3632 accu-

230 3670 331 3734 ratius
365 3670 571 3752 constitutae,
608 3689 646 3734 ao
678 3688 719 3734 ne
748 3669 851 3753 ipsius
881 3668 1009 3751 quidam
1040 3668 1166 3753 priscae
1195 3667 1364 3734 latinitatis

230 3771 351 3837 formae
366 3773 460 3855 longe
475 3771 596 3837 distent
610 3793 631 3838 a
646 3771 943 3855 probatissimorum
959 3771 1148 3856 scriptorum
1164 3789 1234 3852 usu,
1256 3777 1363 3838 tamen

231 3883 262 3941 et
292 3874 377 3958 apud
401 3874 603 3941 Cornificium
635 3881 667 3939 et
693 3873 781 3959 apud
804 3874 988 3940 Ciceronem
1018 3873 1053 3938 in
1075 3873 1164 3940 libris
1192 3873 1251 3956 iis,
1283 3893 1363 3957 quos

229 3979 348 4062 primos
370 3977 488 4061 publici
510 3976 588 4043 iuris
611 3976 702 4057 facit,
734 3995 857 4062 paucae
886 3976 1044 4058 quaedam
1071 3976 1276 4043 inveniuntur
1299 3977 1363 4041 for-

230 4081 397 4162 mationes,
423 4099 506 4162 quae
528 4080 624 4164 plana
647 4079 839 4144 abhorreant
868 4078 909 4144 ab
931 4078 1181 4144 accuratioribus
1211 4084 1243 4144 et
1272 4096 1365 4143 seve-

231 4183 366 4249 rioribus
389 4183 447 4266 iis,
473 4183 586 4267 quibus
609 4183 643 4247 in
666 4181 896 4267 posterioribus
918 4181 1045 4264 scriptis
1068 4199 1145 4246 usus
1167 4187 1216 4245 est
1239 4180 1360 4245 Cicero.

230 4287 299 4352 Hae
322 4286 389 4352 lere
411 4305 522 4352 omnes
544 4285 709 4351 derivatae
731 4291 806 4350 sunt
825 4285 868 4350 ad
884 4283 1018 4350 aliorum
1035 4282 1257 4348 vocabulorum
1274 4281 1365 4347 simi-
