3356 5156
298 1496 360 1603 Ex
373 1558 435 1620 quo
447 1537 508 1602 viri
523 1537 607 1601 docti
621 1536 797 1620 priscorum
813 1534 1004 1618 scriptorum
1021 1535 1192 1601 latinorum
1209 1535 1348 1600 sermoni

212 1639 391 1704 accuratius
407 1638 628 1719 cognoscendo
643 1657 772 1720 operam
786 1636 950 1720 dederunt,
966 1637 1123 1719 quomodo
1135 1657 1191 1721 per
1203 1637 1349 1720 singulas

212 1749 335 1806 aetates
351 1737 462 1822 lingua
478 1740 578 1804 latina
593 1758 764 1823 progressa
785 1739 826 1803 sit
841 1745 873 1804 et
889 1740 1028 1821 exculta,
1048 1740 1234 1822 diligentius
1250 1760 1349 1821 quae-

213 1865 282 1910 rere
299 1851 481 1927 coeperunt.
513 1843 624 1908 Solent
635 1842 734 1924 igitur
745 1863 829 1907 nnuc
843 1843 987 1926 singulos
1000 1843 1174 1926 scriptores
1187 1862 1249 1906 non
1264 1844 1349 1927 ipsos

212 1948 366 2029 neglectis
389 1947 462 2011 aliis
484 1946 704 2030 contemplari,
732 1946 789 2011 sed
805 1946 900 2010 simul
915 1946 1122 2029 investigare,
1148 1967 1213 2028 qua
1229 1946 1349 2012 ratione

214 2051 332 2132 singuli
355 2050 437 2115 inter
460 2070 494 2115 se
517 2049 712 2114 cohaereant
734 2049 892 2130 quibusve
915 2049 955 2114 de
978 2050 1085 2114 causis
1114 2050 1173 2113 hoc
1195 2050 1247 2114 vol
1270 2050 1350 2116 illud

213 2154 245 2217 in
269 2154 379 2235 lingua
401 2153 605 2218 mutaverint.
648 2153 759 2233 ltaque
777 2152 827 2216 his
843 2153 970 2217 demum
986 2153 1182 2237 temporibus
1197 2153 1350 2217 historica

213 2276 308 2336 quam
332 2262 449 2320 vocant
471 2255 681 2336 grammatica
704 2261 818 2337 coepta
840 2262 889 2319 est
911 2255 1016 2320 condi.

300 2359 346 2421 Ao
369 2358 489 2422 formae
511 2357 637 2439 quidem
661 2357 885 2421 vocabulorum
908 2378 949 2422 ne
973 2359 1079 2441 prisca
1099 2358 1228 2439 quidem
1244 2365 1350 2424 aetate

214 2461 347 2524 multum
372 2460 492 2524 distant
513 2461 554 2524 ab
577 2460 628 2542 iis,
655 2480 739 2541 quae
763 2468 875 2542 postea
897 2461 930 2524 in
953 2481 1015 2525 usu
1037 2468 1147 2527 erant:
1173 2482 1256 2544 quae
1279 2483 1349 2527 cum

214 2564 324 2629 Sullae
340 2563 406 2628 fere
422 2564 617 2646 temporibus
634 2564 1021 2630 accuratinsconstitutae
1037 2571 1155 2648 essent,
1180 2585 1237 2648 per
1253 2566 1352 2629 multa

214 2668 346 2732 saecula
370 2687 471 2748 usque
494 2667 680 2732 aderitum
703 2667 830 2751 imperii
853 2668 989 2732 Romani
1013 2668 1080 2732 fere
1103 2669 1237 2734 eaedem
1260 2691 1352 2733 man-

215 2778 339 2847 serunt,
367 2778 477 2834 contra
499 2777 531 2834 et
553 2770 682 2854 syntaxi
706 2777 737 2834 et
759 2771 928 2835 verborum
951 2771 1102 2836 thesauro
1125 2783 1157 2837 et
1180 2773 1353 2837 vocabulo-

214 2894 283 2936 rum
308 2873 494 2938 formatione
518 2873 668 2958 singulae
687 2879 810 2938 aetates
841 2873 1010 2958 plurimum
1041 2874 1124 2940 iuter
1153 2894 1187 2939 se
1217 2875 1349 2939 distant.

214 2976 320 3055 Atque
350 2996 420 3039 cum
451 2975 597 3057 syntaxis
635 2975 760 3053 quidem
800 2996 910 3059 parum
949 2977 1077 3041 exculta
1111 2977 1199 3060 apud
1228 2977 1352 3062 priscos

216 3077 404 3159 scriptores,
437 3075 544 3139 nimiis
574 3075 718 3140 artificiis
748 3096 845 3160 saepe
875 3079 1048 3161 exsanguis
1079 3086 1111 3144 et
1140 3079 1296 3162 languida
1319 3080 1351 3143 in

214 3186 369 3261 argentea
390 3179 548 3242 latinitate
571 3177 671 3243 fuisse
695 3179 850 3261 videatur,
878 3201 919 3245 ex
942 3201 1059 3247 aureae
1082 3182 1199 3247 aetatis
1215 3183 1351 3267 scripto·

214 3283 301 3346 ribus
313 3289 441 3365 praeter
449 3287 571 3346 ceteros
581 3281 766 3346 Ciceronem
779 3282 922 3364 linguam
935 3282 1068 3346 latinam
1077 3284 1350 3366 elegantissimam

215 3393 247 3449 et
269 3385 311 3448 ad
333 3385 497 3468 complura
513 3384 673 3449 scribendi
689 3404 810 3466 genera
824 3384 1098 3469 expeditissimam
1114 3386 1260 3452 effecisse
1276 3409 1352 3452 con-

215 3495 289 3551 stat,
330 3489 397 3552 Neo
419 3495 527 3553 tamen
550 3488 658 3552 omnia
680 3487 844 3553 Ciceronis
861 3488 979 3572 scripta
994 3488 1106 3553 eadem
1122 3490 1263 3573 insignia
1279 3499 1352 3555 sunt

216 3591 369 3656 sermonis
393 3592 599 3676 perfectione.
647 3591 787 3656 Primum
811 3591 895 3656 enim
919 3612 990 3656 cum
1006 3591 1089 3657 inter
1104 3593 1234 3676 singula
1249 3595 1352 3678 scrip

216 3702 317 3758 torum
349 3714 468 3776 genera
497 3715 615 3776 magna
644 3693 823 3759 intercedat
852 3694 1051 3773 differentia,
1084 3702 1152 3759 tum
1178 3697 1347 3779 epistulae,

216 3816 349 3876 quarum
373 3816 477 3861 sermo
500 3797 689 3880 saepissime
711 3797 752 3861 ad
776 3797 942 3878 vulgarem
965 3796 1092 3861 dicendi
1107 3817 1200 3861 usum
1217 3799 1351 3864 descen-

215 3899 279 3980 dit,
311 3899 476 3982 proprium
506 3905 537 3963 et
567 3901 759 3982 singularem
792 3900 935 3964 obtinent
964 3900 1077 3965 locum.
1125 3902 1250 3966 Deinde
1280 3923 1351 3966 oum

216 4003 326 4067 Cicero
350 4021 527 4067 sermonem
551 4022 608 4084 per
627 4002 772 4084 singulas
788 4002 873 4067 vitae
889 4009 997 4085 partes
1013 4003 1169 4085 paulatim
1185 4009 1217 4068 et
1231 4005 1351 4086 grada-

216 4108 271 4171 tim
294 4106 335 4170 ad
359 4127 430 4170 eam
452 4127 548 4188 qnam
565 4105 661 4187 vulgo
676 4105 871 4169 admiramur
886 4106 1081 4188 elegantiam
1097 4108 1290 4188 provexerit,
1316 4109 1350 4171 in

215 4210 255 4274 iis
278 4210 383 4284 libris,
416 4229 494 4291 quos
518 4209 635 4294 primos
665 4209 807 4293 scripsit,
840 4210 999 4292 permulta
1026 4209 1175 4286 admisit,
1205 4230 1287 4291 quae
1316 4210 1350 4273 in

216 4313 445 4394 posterioribus
474 4314 592 4377 trustra
615 4332 760 4393 quaeras.
809 4311 894 4388 Quos
924 4332 994 4375 cum
1023 4313 1194 4376 admodum
1224 4313 1349 4378 invenis

1129 4435 1140 4482 1
