3356 5156
670 468 713 478 -
761 432 845 513 [457]
893 466 936 475 -
1311 429 1369 490 111

237 618 353 684 dixerit
368 619 529 703 principio
552 627 699 698 tractato,
724 618 872 704 equidem
896 619 1040 703 suspicor
1054 617 1154 682 fuisse
1171 624 1373 700 pertractata

237 722 430 786 narratione.
477 723 588 788 Altera
617 729 725 790 11111111
757 729 927 808 praeterea
959 726 1051 806 patet
1077 720 1131 786 via
1160 718 1369 786 emendandi:

237 827 322 892 Sane
345 846 420 892 vere
435 826 685 894 Cornificianum
709 831 758 894 est
776 829 955 910 persoluere
981 825 1057 908 (fere
1073 855 1116 878 =
1131 823 1298 908 absolvere)
1325 824 1367 904 II,

237 932 287 1010 31,
305 933 349 993 Χ50
380 939 436 994 nos'
466 929 637 995 alacriores
666 933 710 995 ad
740 931 896 1016 reliquum
925 928 1183 1012 persolvendum
1224 926 1394 1006 111,1‚1·

234 1041 271 1096 ut
286 1031 386 1096 ononis
406 1031 593 1096 inveniundi
605 1033 789 1117 praeceptio
814 1032 873 1098 tibi
885 1054 979 1118 quara
994 1030 1136 1115 primunr
1155 1029 1372 1113 persolue-

235 1143 351 1200 rctur
378 1135 499 1218 (eodem
523 1153 619 1201 sensu
650 1136 746 1220 paulo
775 1133 860 1200 intre
890 1134 972 1200 dixit
998 1156 1090 1219 quem
1111 1171 1154 1181 -
1178 1132 1237 1196 tibi
1257 1130 1371 1196 tibrum

236 1238 379 1303 celeriter
408 1239 636 1302 absolutum
662 1239 850 1323 mittemus);
877 1239 930 1320 IV,
953 1242 1018 1320 1‚1
1052 1237 1111 1301 tibi
1137 1235 1173 1298 id
1193 1237 1277 1320 quod
1296 1236 1372 1298 reli-

237 1364 329 1425 quum
352 1349 398 1406 cst
420 1341 500 1406 curtis
520 1379 564 1389 -
579 1343 871 1426 persolvemus,
919 1340 1050 1408 Scribas
1072 1340 1171 1424 igitur
1187 1359 1251 1404 non
1266 1338 1371 1404 minus

236 1445 460 1530 probabiliter:
482 1446 644 1528 persoluto
665 1445 858 1510 narratione.

322 1567 416 1632 (loru.
434 1567 460 1643 Ι,
485 1570 603 1647 10117.
649 1566 894 1630 Enumerationc
916 1572 1040 1630 uternur
1062 1586 1131 1628 cum
1153 1564 1289 1627 dicemus
1311 1586 1371 1626 nu-

236 1691 320 1732 moro
343 1692 393 1732 res
420 1669 458 1752 (si
480 1668 573 1735 modo
595 1674 682 1735 recte
705 1669 764 1735 hcc
788 1668 993 1753 restituimus)
1029 1675 1105 1752 quot
1131 1668 1169 1731 de
1191 1667 1283 1730 rebus
1304 1665 1372 1729 dic-

238 1771 303 1835 turi
322 1785 449 1847 sumus,·
472 1792 540 1836 earu
558 1773 635 1855 pius
659 1793 751 1856 quarn
775 1771 870 1836 trium
886 1771 1031 1854 partium
1053 1793 1181 1834 numero
1201 1791 1263 1833 non
1279 1792 1372 1852 opor-

238 1883 280 1938 tet
301 1897 376 1938 esse.
417 1875 574 1958 Displicet
596 1875 678 1941 illud
700 1897 827 1940 numero
850 1874 940 1941 brevi
963 1873 1133 1940 intervallo
1152 1873 1202 1939 bis
1219 1871 1368 1958 pesitum.

236 1977 283 2042 Ac
305 1978 412 2062 priore
435 1977 564 2060 quidem
586 1979 657 2044 loco
679 2001 805 2043 nurnero
835 2000 919 2068 cum
938 1997 1031 2043 suem
1059 1977 1177 2044 habeat
1207 1975 1372 2060 significa-

237 2079 365 2161 tionem,
393 2081 495 2146 nltero
517 2081 587 2146 loco
610 2088 684 2165 post
708 2082 802 2145 trium
820 2081 963 2164 partium
985 2080 1083 2165 plane
1106 2085 1156 2146 est
1178 2099 1373 2164 supervacu-

236 2202 341 2263 neum,
361 2188 395 2247 ut
409 2182 642 2268 interpretandi
658 2204 756 2250 causa
771 2204 868 2268 super
880 2185 980 2250 verbe
996 2182 1090 2248 trium
1098 2181 1242 2266 portium
1259 2201 1373 2266 super-

236 2286 388 2370 scriptum
405 2288 505 2370 esse1)
532 2286 690 2352 videatur.
730 2288 845 2355 Deleto
866 2287 964 2371 igitur
986 2287 1087 2352 altero
1109 2308 1237 2349 numero
1258 2286 1373 2368 legen-

235 2388 310 2455 dum
334 2389 475 2456 conicio:
500 2412 570 2454 cam
586 2392 663 2473 plus
686 2413 780 2475 quarn
804 2391 898 2455 trium
914 2389 1059 2475 partium
1079 2411 1141 2453 non
1156 2396 1278 2473 oportet
1293 2411 1367 2453 esse.

322 2511 416 2577 Corn.
440 2513 484 2593 ΙΙ,
514 2516 570 2592 16,
596 2515 647 2576 23.
696 2511 853 2596 Purputio
883 2521 929 2577 est
961 2533 1030 2575 curn
1063 2511 1202 2574 consulto
1235 2534 1255 2574 a
1284 2509 1372 2573 nodus

173 2615 174 2618 ’
225 2615 359 2698 facturn
378 2635 535 2698 nepanrus.
563 2638 600 2678 ea
623 2611 775 2679 diuiditur
798 2614 831 2679 in
853 2614 1106 2702 necessitudinem
1118 2615 1290 2699 fortunam
1312 2612 1372 2676 irn-

229 2717 433 2798 prudentiam
459 2767 466 2780 .
488 2769 495 2780 .
518 2769 523 2780 .
546 2718 685 2800 primurn
700 2719 958 2783 considerandum
978 2725 1025 2782 est
1046 2740 1120 2782 nunc
1132 2716 1226 2798 culpa
1247 2723 1372 2780 uentum

235 2820 278 2884 sit
305 2821 338 2883 in
366 2820 624 2885 necessitudinem
647 2829 704 2886 etc.
753 2821 927 2906 supposita
956 2839 1028 2886 esse
1058 2841 1098 2886 11
1128 2839 1211 2901 quae
1244 2826 1373 2885 antece-

233 2923 313 2988 dunt
335 2924 479 2988 ultimam
502 2925 753 2990 enuntiationem
776 2925 874 2990 verba
896 2925 935 2988 de
957 2923 1008 2988 tis
1025 2923 1179 3006 partibus
1202 2929 1261 2990 etc.
1286 2928 1371 2987 recte

233 3025 399 3110 perspexit
421 3026 604 3112 KayseruS‚
643 3027 700 3093 sed
723 3048 787 3110 qua
809 3027 850 3093 de
876 3046 975 3092 cause
997 3027 1058 3092 hoc
1080 3024 1280 3110 potissimum
1301 3026 1372 3090 leco

233 3129 423 3214 interposita
446 3128 510 3194 sint
532 3150 595 3196 non
618 3130 791 3197 intellexit.
839 3131 957 3196 Deerat
986 3129 1072 3196 enim
1101 3150 1141 3195 11
1169 3149 1266 3212 quum
1293 3147 1371 3194 nus-

304 3406 320 3470 1)
342 3403 381 3459 Ut
398 3406 473 3474 apud
491 3403 684 3470 Cornificium,
710 3405 751 3459 itu
775 3406 850 3475 apud
869 3405 1030 3460 Ciceronem
1054 3419 1165 3474 quoque
1189 3404 1218 3458 in
1240 3403 1318 3458 librls
1337 3404 1372 3458 de

232 3491 393 3546 inventione
423 3493 512 3546 multe
541 3493 712 3559 glossemate
742 3491 886 3562 Kayserus
915 3507 931 3545 e
958 3495 1036 3546 textu
1067 3490 1159 3546 eiecit.
1203 3489 1370 3545 Huiusmodi

233 3577 452 3632 additamentum
479 3577 561 3633 uobis
588 3578 778 3646 investigasse
802 3577 930 3632 videmur
958 3577 1020 3631 loco
1050 3575 1115 3631 hoc:
1146 3577 1205 3631 inv.
1225 3577 1254 3640 I,
1275 3577 1318 3639 49,
1338 3577 1370 3626 92

233 3668 262 3716 ut
279 3663 305 3716 si
323 3664 370 3732 qui
392 3664 489 3716 Ulixen
507 3669 626 3728 accuset,
648 3663 676 3717 in
693 3666 742 3718 boc
759 3663 874 3718 macione
892 3667 1074 3728 concuteretur,
1100 3661 1239 3732 indipnum
1262 3681 1315 3716 esse
1338 3662 1371 3714 at

232 3747 337 3802 11111111
356 3749 525 3818 ipnaoissirno
543 3751 628 3804 virum
639 3751 823 3817 fortissimum
840 3751 952 3804 Aiacem
970 3755 1102 3804 necatum.
1141 3749 1286 3818 Languere
1304 3745 1370 3802 mihi

233 3834 344 3888 videtur
361 3850 417 3888 vox
435 3835 554 3890 Aiacem.
592 3837 791 3904 Pervulgetum
808 3837 882 3890 enim
900 3841 961 3891 1111
979 3835 1053 3905 epud
1072 3836 1199 3891 rhetores
1211 3835 1265 3890 hoc
1277 3849 1371 3889 exem-

232 3920 307 3988 plum
325 3920 360 3975 ab
379 3919 461 3975 Ulixe
480 3925 509 3975 11
526 3920 614 3975 Α1111
633 3920 749 3989 petitum
773 3920 816 3987 (ef.
838 3922 921 3977 Corn.
942 3922 980 3987 ΙΙ,
998 3925 1039 3988 19,
1054 3925 1086 3974 29
1105 3921 1153 3977 ubi
1171 3922 1270 3976 eodem
1288 3920 1371 3974 modo

162 4067 165 4071 ,
233 4005 307 4060 Alex
325 4007 427 4062 dicitur
444 4007 488 4060 uir
498 4007 689 4078 fortissimus),
714 4023 770 4078 que
792 4008 826 4063 de
844 4023 929 4062 causa
947 4007 1074 4063 Ciceroni
1093 4008 1204 4063 minime
1222 4022 1293 4077 opus
1311 4011 1372 4061 1111

232 4094 323 4161 ipsum
347 4092 444 4148 Aiacis
467 4108 568 4147 nomen
592 4091 706 4148 addere.
744 4092 864 4147 Accedit
889 4095 964 4163 quod
989 4093 1081 4148 deleto
1105 4092 1242 4148 vocabulo
1261 4093 1371 4147 Aiacem
1444 4123 1446 4128 ,

232 4177 366 4233 habemus
389 4181 511 4234 membra
535 4181 590 4235 duo
615 4196 650 4235 ex
675 4180 749 4234 binis
773 4179 891 4234 vocibus
915 4179 1073 4234 constantie
1102 4184 1132 4234 11
1157 4175 1265 4234 chiesto
1290 4195 1370 4250 quem

233 4262 335 4319 Graeci
352 4271 456 4320 vocant
474 4266 570 4321 ordine
589 4265 643 4320 sibi
665 4265 874 4333 respondentia.
911 4265 1022 4318 Aiacem
1040 4269 1130 4319 ortum
1149 4268 1193 4318 est
1211 4280 1245 4319 ex
1262 4265 1371 4334 glosse-

233 4354 306 4403 mate
332 4365 416 4419 supra
438 4351 523 4406 verba
543 4352 629 4406 virum
644 4351 828 4422 fortissimum
849 4350 1051 4420 interpretandi
1069 4366 1155 4406 111111
1173 4351 1369 4420 superscripto.
