3356 5156
671 422 715 432 -
763 386 845 468 [ass]
893 421 937 430 -
1332 389 1372 448 ra

238 576 320 654 fleat,
348 583 474 659 praeter
496 574 638 639 dativum
662 571 834 654 singularis
863 571 987 638 numeri
1009 571 1098 636 nulla
1130 579 1235 638 exstat
1257 573 1370 652 forma,

239 679 339 743 semel
355 678 480 744 obviarn
496 677 532 743 fit
546 675 633 760 apud
649 675 743 740 Com.
758 676 813 755 IV,
834 677 884 749 39,
905 679 942 737 51
949 673 1021 757 filii
1030 673 1128 755 parri
1136 675 1259 758 priami
1268 676 1374 759 petris

239 781 357 844 anxilio
381 779 516 845 ludibrio
539 788 570 844 et
591 777 752 861 despectui
765 777 911 861 paternis
940 777 1075 842 inimicis
1103 789 1195 844 erant
1216 782 1354 864 oppositi
1360 803 1367 859 ;

238 885 352 950 ceteris
368 884 514 950 omnibus
531 882 645 965 quibus
658 882 739 948 baec
754 900 817 946 vox
827 880 1077 965 deprehenditur
1090 882 1170 948 locis
1183 902 1247 947 una
1256 881 1373 966 legitur

237 987 375 1052 formula
397 986 559 1069 despectui
578 1007 643 1074 esse
672 983 769 1048 alieni
789 985 842 1050 vel
865 983 1026 1066 despectui
1045 983 1156 1048 boteri
1182 985 1236 1065 (ita
1258 986 1369 1054 Aurel.

237 1090 349 1168 Victi.
375 1090 485 1156 Cicero
498 1109 570 1155 cum
582 1087 757 1153 abstineret
768 1087 827 1152 boc
840 1087 1005 1167 vocabulo,
1022 1087 1136 1151 maluit
1146 1086 1253 1154 dicere
1268 1089 1374 1172 despi—

236 1193 332 1271 catui,
357 1192 549 1274 contemptui
569 1189 760 1265 caecutienti,
785 1195 842 1254 aut
864 1189 919 1253 ubi
941 1189 1015 1254 aliis
1039 1208 1120 1273 opus
1142 1196 1210 1254 erat
1229 1190 1368 1274 casibus

238 1295 457 1378 despiciendae
479 1314 595 1360 nomen
618 1283 799 1376 usurpavit3
827 1291 868 1356 of.
893 1291 1063 1357 Antibarb.
1087 1312 1162 1376 pag.
1183 1296 1256 1356 347.

324 1401 345 1480 r)
360 1394 775 1478 Devocabulocoptioidem
784 1393 986 1476 significante
995 1393 1188 1478 quodfromr²
1203 1415 1265 1477 quo
1274 1402 1373 1464 semel

238 1519 315 1565 usus
322 1507 373 1565 est
381 1500 493 1566 Cicero
501 1497 629 1576 Quinct.
644 1501 693 1578 16,
707 1500 758 1574 53,
768 1497 810 1562 of.
822 1495 991 1580 Landgraf
998 1497 1021 1561 l.
1032 1497 1054 1560 l.
1070 1517 1146 1580 pag.
1157 1500 1198 1561 26
1211 1505 1242 1563 et
1253 1499 1369 1566 lexioa.

325 1602 500 1686 Praecipue
522 1600 604 1665 illud
625 1599 751 1665 videtur
772 1600 834 1664 bae
855 1599 889 1663 in
912 1619 946 1665 rc
962 1617 1034 1665 esse
1049 1600 1270 1682 memorabile,
1288 1602 1374 1684 quod

240 1704 369 1781 Cicero,
400 1705 426 1770 si
457 1703 519 1768 duo
546 1708 675 1786 praesto
704 1709 795 1767 erant
824 1700 954 1766 nomina
983 1702 1144 1780 abstracta
1174 1704 1308 1770 alterum
1339 1705 1372 1770 in

239 1816 307 1871 -ter
329 1808 464 1872 alterum
486 1808 519 1871 in
541 1807 633 1869 -tndo
656 1803 824 1882 desinere,
856 1823 954 1888 saepe
983 1802 1018 1867 id
1047 1804 1132 1887 quod
1156 1807 1228 1868 tudo
1255 1806 1372 1873 suffixo

239 1910 469 1976 terminabatur
499 1915 611 1994 postca
647 1914 702 1972 aut
736 1906 864 1973 omnino
900 1906 1012 1973 reiecit
1047 1913 1103 1972 aut
1138 1908 1241 1973 rarius
1277 1910 1373 1979 adhi-

240 2013 324 2093 buit,
365 2012 467 2077 altero
502 2010 604 2094 magis
641 2009 809 2096 magisque
846 2028 924 2074 usus
955 2015 1015 2075 est.
1068 2009 1177 2076 Veluti
1201 2011 1374 2095 firmitudo
1484 2037 1488 2054 ·

238 2114 325 2199 apud
357 2114 559 2180 Cornificium
594 2113 714 2196 septies
747 2111 822 2194 legi,
860 2130 1033 2193 numquam
1057 2111 1220 2194 firmitcs3
1265 2122 1374 2180 contra

238 2219 349 2285 Cicero
378 2224 547 2302 postquam
576 2216 610 2279 in
640 2214 750 2298 primis
782 2233 861 2295 quos
890 2213 1067 2298 composuit
1096 2213 1185 2280 libris
1201 2216 1372 2298 firmitudo

239 2321 430 2404 aliquotiens
459 2317 642 2402 usurpavit,
677 2323 799 2401 postea,
827 2337 898 2382 cum
921 2317 1024 2400 magis
1055 2317 1197 2402 placeret
1213 2319 1368 2403 firmitas,

239 2422 382 2507 exceptis
410 2420 556 2505 epistulis
583 2418 664 2485 illud
695 2421 826 2485 verbum
856 2420 988 2505 respuit.
1037 2420 1153 2496 Fusius
1182 2420 1221 2488 dc
1250 2421 1311 2487 bac
1340 2443 1374 2490 re

238 2523 472 2609 disputavimus
494 2529 527 2588 et
549 2524 641 2607 plura
663 2523 882 2606 congessimus
904 2523 1053 2607 exempla
1075 2523 1109 2587 in
1126 2515 1370 2608 capite'quarn,

239 2649 301 2712 quo
324 2627 364 2692 de
386 2629 552 2693 verborum
576 2625 764 2692 formatione
787 2633 911 2710 agetur.

326 2729 487 2794 Aduerbio
509 2729 672 2795 afferimus
694 2727 793 2794 haee:

327 2837 347 2918 r)
379 2836 458 2898 Cum
475 2831 591 2915 primis
613 2830 699 2915 apud
722 2832 788 2897 Cio.
814 2830 879 2896 inv.
899 2831 941 2912 ΙΙ,
965 2836 1025 2911 1,1
1059 2829 1262 2896 Crotoniatae
1277 2855 1375 2915 quon-

241 2939 314 3001 dam
343 2958 412 2998 eum
434 2973 476 2982 -
506 2934 540 2997 in
562 2934 661 2998 Italic
689 2956 757 3002 enm
781 2933 898 3016 primis
929 2932 1013 2996 beuti
1040 2943 1279 2998 numerarentur
1300 2944 1371 3018 etc,

241 3038 368 3117 Quinet.
389 3042 418 3116 6,
439 3041 478 3098 24
504 3039 543 3099 L.
563 3036 679 3100 Albino
695 3073 737 3084 -·-
751 3035 800 3098 cir
823 3036 919 3098 bonna
939 3045 973 3098 et
993 3057 1064 3098 cnm
1079 3035 1195 3118 primis
1217 3035 1373 3114 honestus,

203 3169 206 3180 ·
241 3141 285 3206 ib.
303 3143 352 3220 18,
373 3141 413 3202 58
433 3138 597 3221 profectm
620 3147 666 3201 est
687 3160 751 3200 nna
775 3141 815 3201 L.
835 3137 959 3214 Albim,
986 3137 1076 3200 domo
1095 3158 1164 3200 cnm
1182 3137 1297 3220 primm
1320 3139 1376 3202 loo-

240 3253 361 3320 mstns3
396 3241 520 3323 reliqua
542 3239 701 3323 exempla,
734 3259 818 3322 quae
841 3239 883 3304 ad
905 3259 1004 3303 unum
1027 3239 1135 3304 omnia
1160 3239 1194 3302 in
1217 3240 1375 3324 prioribus

240 3345 446 3410 inveniuntur
475 3343 687 3422 orationibus⁷
721 3342 853 3426 collegit
880 3342 1046 3406 Hellmuth
1077 3347 1138 3406 aet.
1172 3342 1238 3406 Idrl.
1257 3345 1273 3407 l
1295 3365 1370 3429 pag.

245 3450 322 3524 116;
355 3447 388 3509 in
410 3444 638 3530 posterioribus
662 3442 799 3528 scriptis,
834 3463 906 3510 cum
928 3444 1033 3526 magis
1055 3444 1197 3528 placeret
1219 3444 1371 3528 inprimis,

242 3549 342 3614 semel
364 3557 400 3612 ut
421 3547 547 3612 videtur
568 3548 630 3612 hoo
651 3546 804 3613 adverbio
828 3566 905 3612 usus
928 3553 978 3612 est
997 3545 1109 3612 Cicero
1132 3547 1222 3612 Brut.
1241 3551 1292 3630 62,
1313 3553 1374 3614 224

241 3671 310 3712 eum
320 3649 437 3731 primis
451 3649 616 3727 ridiculum
643 3671 718 3714 nam
735 3648 775 3715 dc
791 3649 857 3715 div.
875 3651 900 3728 l,
922 3652 972 3730 32,
993 3651 1044 3730 68,
1068 3649 1122 3713 ubi
1138 3650 1235 3733 vulgo
1251 3651 1377 3717 fereba-

241 3759 292 3816 tur
315 3773 384 3814 eum
402 3750 517 3834 premis
539 3752 694 3815 damiatem
710 3753 895 3834 prodentem
911 3761 1004 3836 utque
1020 3753 1155 3828 doctum,
1180 3773 1265 3818 nuno
1281 3754 1375 3820 chri-

242 3855 322 3920 stius
338 3875 380 3920 ex
391 3851 533 3919 codicum
546 3854 736 3919 auctoritate
747 3853 885 3920 restituit
896 3877 964 3918 cnm
974 3854 1080 3937 primo
1090 3877 1157 3939 sqq.
1183 3854 1233 3920 Of.
1250 3856 1371 3939 Symm.

240 3977 293 4041 ep.
312 3961 343 4038 2,
364 3960 393 4020 7.
413 3959 453 4019 72
475 3977 544 4019 cnm
562 3954 677 4038 primis
699 3956 868 4019 honoretur
887 3965 918 4019 et
929 3959 1136 4042 fortunatum
1164 3957 1254 4022 Plau.
1272 3958 1373 4041 glosa.

241 4081 272 4144 p.
289 4063 340 4140 27,
352 4059 423 4136 21);
443 4057 538 4123 Hand
553 4059 647 4124 Turs.
661 4060 693 4124 ll
708 4079 784 4143 pag.
799 4062 870 4122 172.
896 4059 1060 4124 Antibarb.
1076 4079 1152 4144 pag.
1164 4063 1238 4124 311.
1264 4061 1373 4125 Front.

240 4183 273 4247 p.
294 4165 334 4226 74
349 4162 381 4226 N
404 4162 464 4228 sub
479 4161 573 4228 finem
590 4169 651 4228 etc.
688 4162 836 4227 Ceterum
860 4170 977 4226 eertum
993 4184 1061 4226 cnm
1078 4163 1194 4244 primis
1209 4163 1256 4226 Pl.
1276 4163 1373 4228 'l'ruc
1423 4215 1426 4224 .

242 4269 314 4346 3,1,
330 4269 367 4327 15
384 4265 416 4328 in
433 4263 595 4331 codicibus
613 4265 711 4330 Boo
726 4264 791 4347 legi
806 4264 926 4329 monuit
942 4263 1178 4330 Studemundus
1193 4264 1227 4329 in
1244 4265 1372 4330 scholis.
