3356 5156
316 415 348 477 l
750 445 793 456 -
841 409 924 494 [350]
972 446 1015 459 -

315 601 543 685 composuerit,
577 601 739 686 putandus
763 607 812 664 est
835 601 922 666 etin
945 603 1038 666 161166
1062 603 1147 666 etin
1172 623 1317 668 66161666
1340 602 1449 668 6161116

314 706 417 771 modis
440 705 580 788 pendere
604 725 644 768 66
667 704 740 768 61116
765 704 980 786 scriptoribus.
1022 707 1108 769 Inter
1124 726 1235 770 omncs
1251 713 1368 788 autem,
1396 708 1449 788 qui

314 810 370 873 illo
393 815 533 892 tempore
556 808 595 871 (16
614 815 683 872 6116
700 807 857 871 rhetorica
874 808 1080 892 scripserunt,
1100 829 1193 873 nemo
1208 816 1332 874 tantam
1348 810 1449 893 adep-

314 919 365 976 tus
389 919 438 976 est
459 909 679 976 auctoritatem
703 917 855 990 quantam
880 910 1085 993 Cornificius,
1118 912 1207 975 cuius
1230 913 1387 975 rhetorico
1409 915 1453 976 ud

315 1014 512 1078 Herennium
534 1032 630 1094 quam
653 1019 723 1076 arta
746 1013 934 1094 cognatione
958 1013 1152 1079 cohaereant
1174 1035 1245 1078 cum
1269 1016 1452 1080 Ciceronia-

314 1138 376 1181 nae
399 1111 484 1180 artis'
501 1115 677 1179 rhetoricae
700 1115 933 1178 detruncatione
956 1116 1046 1180 libris
1069 1117 1228 1182 nemiuem
1253 1117 1345 1199 fugit.

400 1221 512 1301 Itaque
535 1239 616 1299 quae
639 1219 720 1283 ratio
743 1219 922 1283 intercedat
943 1219 1026 1283 iuter
1049 1220 1208 1284 Cornificii
1231 1227 1263 1284 61
1286 1221 1450 1286 Ciceronis

315 1343 511 1404 sermonem,
545 1321 724 1386 accuratius
759 1321 985 1402 disquiramus.
1034 1323 1230 1406 Diligentius
1260 1331 1365 1388 autem
1395 1344 1450 1389 cos

314 1433 437 1491 tautum
459 1425 706 1508 perquisivimus
729 1425 844 1504 libros,
871 1445 950 1506 quos
973 1426 1092 1509 primos
1115 1427 1235 1511 publici
1264 1427 1344 1491 iuris
1374 1427 1450 1491 tecit

316 1531 440 1594 Cicero:
468 1528 538 1592 dico
558 1529 656 1591 libros
673 1527 713 1592 de
728 1527 912 1592 inventione
935 1549 997 1592 non
1022 1531 1121 1593 multo
1144 1537 1217 1613 post
1233 1551 1263 1594 a.
1281 1551 1311 1592 6.
1333 1533 1394 1592 669
1418 1536 1451 1592 61

315 1633 441 1699 videtur·
463 1631 664 1713 compositos,
691 1631 865 1696 orationem
889 1652 946 1724 pro
964 1632 999 1695 P.
1017 1631 1164 1707 Quinctio
1181 1654 1264 1697 anuo
1280 1637 1342 1698 673
1358 1633 1451 1696 hahi-

315 1744 392 1816 tam,
419 1735 592 1799 orationem
615 1754 672 1817 pro
696 1734 770 1798 Sex.
790 1735 904 1797 Roscio
924 1735 1074 1798 Amerino
1097 1757 1181 1799 anuo
1205 1741 1266 1798 671
1290 1736 1447 1813 1161111666

316 1861 390 1902 6616
413 1859 483 1902 cum
508 1844 580 1920 post
609 1836 783 1901 orationem
806 1837 999 1901 Roscianum
1022 1837 1133 1902 Cicero
1163 1859 1221 1921 per
1252 1838 1451 1918 aliquantum

315 1942 467 2025 temporis
490 1941 522 2003 iu
540 1940 677 2004 Graecia
700 1946 732 2004 et
753 1939 785 2002 in
804 1940 884 2004 Asia
908 1940 1027 2004 minore
1055 1941 1158 2022 (annis
1183 1945 1362 2016 oto-677}
1390 1941 1451 2005 arti

316 2044 492 2110 rhetoricae
515 2043 696 2108 accuratius
720 2043 961 2124 cognoscendae
984 2064 1115 2126 operam
1143 2045 1286 2123 navarit,
1314 2045 1388 2108 iude
1411 2045 1452 2108 ab

318 2149 376 2213 hoc
399 2156 541 2232 tempore
564 2165 743 2211 sermonem
760 2146 1004 2211 Ciceroniauum
1021 2147 1119 2212 multo
1136 2167 1207 2212 esse
1224 2147 1449 2229 elegantiorem

318 2253 480 2333 multoque
514 2250 671 2334 puriorem
705 2258 953 2314 consentaneum
988 2257 1046 2314 est.
1094 2251 1242 2315 Attamen
1280 2251 1391 2315 Cicero
1419 2251 1451 2314 iu
1492 2265 1495 2272 ’

318 2356 428 2440 primis
451 2373 576 2435 quoque
598 2372 678 2435 quos
706 2359 778 2436 post
808 2353 944 2416 reditum
975 2373 1015 2417 66
1037 2353 1115 2417 Α616
1145 2354 1335 2437 conscripsit
1362 2354 1452 2417 libris

316 2480 379 2523 uon
403 2478 507 2542 66666
531 2456 633 2520 66116
656 2455 795 2536 admisit,
823 2476 905 2537 quae
929 2463 1039 2539 postca
1061 2457 1131 2539 ipse
1145 2457 1349 2541 improbavit;
1378 2477 1452 2521 seu-

317 2564 376 2628 sim
400 2561 484 2626 euim
508 2567 540 2624 et
562 2558 792 2642 pedetemptim
809 2558 851 2622 ad
872 2580 943 2623 6661
958 2566 1126 2642 provectus
1144 2567 1192 2624 est
1208 2560 1448 2642 perfectionem,

317 2686 398 2748 quae
427 2665 523 2748 paulo
554 2669 629 2726 ante
657 2662 819 2726 orationes
842 2661 1037 2745 Philippicas
1068 2662 1100 2725 in
1131 2662 1328 2726 orationihus
1358 2682 1454 2746 prac-

318 2771 412 2853 cipue
435 2773 581 2851 apparet.
718 2779 719 2784 ’

405 2873 575 2935 Ρ16616166
597 2887 668 2931 6661
692 2867 775 2947 61111,
803 2886 897 2947 66661
922 2867 1055 2950 scriptor
1077 2866 1196 2947 aliquis
1212 2866 1353 2948 adhibet,
1380 2887 1455 2950 pro-

319 2976 438 3060 prietas
472 2993 535 3036 uou
570 2978 635 3035 tarn
670 2971 711 3034 iis
743 2969 910 3050 6111616161,
944 2990 1026 3051 6666
1060 2969 1240 3050 admiserit,
1275 2991 1370 3052 66616
1400 2971 1449 3048 iis,

320 3099 402 3162 quae
426 3076 569 3140 consulto
598 3073 780 3153 evitaverit,
814 3073 847 3136 16
877 3073 939 3137 hae
970 3073 1158 3155 quaestione
1188 3095 1251 3138 uon
1282 3077 1384 3138 solum
1416 3095 1454 3138 ca

320 3182 502 3259 afferemus,
520 3175 604 3260 quae
620 3177 801 3242 communia
817 3176 914 3241 hahet
931 3177 1042 3242 Cicero
1059 3198 1131 3241 curn
1147 3177 1330 3254 Cornificio,
1357 3179 1454 3240 immo

321 3305 361 3350 66
383 3283 440 3364 iis,
467 3301 549 3362 quae
571 3279 763 3363 improbavit
784 3279 858 3361 ille,
891 3287 1009 3360 quanto
1037 3279 1214 3361 elegantior·
1236 3289 1268 3342 61
1290 3280 1398 3361 purior
1421 3280 1453 3341 16

321 3387 401 3470 16616
424 3383 534 3469 primis
556 3382 647 3465 libris
668 3382 895 3446 Ciceronianus
919 3381 960 3445 sit
982 3375 1100 3459 661616,
1134 3380 1304 3462 praecipue
1334 3401 1451 3462 coguo-

323 3490 431 3556 scitur.

410 3592 457 3654 Ex
479 3589 582 3670 libris,
609 3587 663 3669 qui
685 3586 719 3649 iu
741 3585 801 3650 hoc
831 3587 983 3668 opusculo
1013 3587 1208 3652 conficiendo
1233 3608 1355 3652 6666116
1379 3589 1454 3652 milri

290 3769 292 3774 ,
323 3696 451 3761 1661661
477 3692 670 3770 adiumento,
703 3693 803 3772 primo
832 3689 900 3752 loco
929 3689 1206 3753 commemoranda
1237 3698 1285 3755 est
1313 3691 1457 3755 Eduardi

326 3795 499 3861 Woelfflini
528 3791 759 3871 6016166616116,
793 3811 875 3872 6666
906 3791 1088 3856 inscribitur
1111 3795 1190 3854 Zum
1220 3794 1456 3876 Vulpeculater'rr

330 3901 371 3984 (16
400 3898 514 3962 Ρ111161.
547 3895 688 3976 Gottiug.
722 3894 783 3958 vol.
818 3894 960 3959 XXXIV
988 3915 1064 3978 pag.
1093 3898 1151 3959 137
1177 3901 1273 3977 sqq).
1329 3898 1367 3959 Iu
1397 3896 1457 3960 hac

325 4001 495 4086 scriptione
518 3999 567 4063 vir
588 3996 792 4061 doctissimus
816 3997 969 4060 sermonis
992 3997 1134 4079 vulgaris
1158 3998 1337 4061 illustrandi
1361 4019 1457 4062 causa

326 4127 396 4174 cum
420 4125 460 4169 ex
481 4102 552 4167 61116
568 4101 701 4165 aliorum
719 4099 906 4182 scriptorum
924 4100 1013 4164 libris
1029 4101 1189 4182 permulta
1204 4102 1296 4163 affert
1312 4102 1458 4183 66616616

326 4217 393 4274 1661
415 4210 558 4292 16661661
580 4224 636 4288 pro
659 4203 808 4279 Quinctio
830 4210 862 4266 et
884 4223 940 4286 pro
962 4204 1077 4266 Roscio
1100 4203 1277 4266 orationum
1305 4205 1457 4267 rationem

328 4313 422 4378 habet
454 4308 529 4373 iude
562 4327 582 4370 a
615 4327 690 4390 pag.
725 4309 784 4366 142
819 4324 887 4386 sqq.
942 4306 1022 4368 Item
1057 4325 1096 4368 66
1133 4326 1216 4370 nova
1251 4307 1460 4370 Antibartarl
