<?xml version="1.0" encoding="UTF-8"?>
<!DOCTYPE html PUBLIC "-//W3C//DTD XHTML 1.0 Transitional//EN"
    "http://www.w3.org/TR/xhtml1/DTD/xhtml1-transitional.dtd">
<html xmlns="http://www.w3.org/1999/xhtml" xml:lang="en" lang="en">
 <head>
  <title>
</title>
<meta http-equiv="Content-Type" content="text/html;charset=utf-8" />
  <meta name='ocr-system' content='tesseract 3.04.00' />
  <meta name='ocr-capabilities' content='ocr_page ocr_carea ocr_par ocr_line ocrx_word'/>
</head>
<body>
  <div class='ocr_page' id='page_1' title='image "./desermonispropr00thiegoog_0116.png"; bbox 0 0 3356 5156; ppageno 0'>
   <div class='ocr_carea' id='block_1_1' title="bbox 667 438 1361 518">
    <p class='ocr_par' dir='ltr' id='par_1_1' title="bbox 667 438 1361 518">
     <span class='ocr_line' id='line_1_1' title="bbox 667 438 1361 518; baseline -0.009 -17"><span class='ocrx_word' id='word_1_1' title='bbox 667 475 709 484; x_wconf 93' lang='lat'>-</span> <span class='ocrx_word' id='word_1_2' title='bbox 757 438 841 518; x_wconf 75' lang='grc' dir='ltr'>[ιιι]</span> <span class='ocrx_word' id='word_1_3' title='bbox 889 474 931 484; x_wconf 88' lang='grc'>-</span> <span class='ocrx_word' id='word_1_4' title='bbox 1151 504 1155 514; x_wconf 63' lang='grc'><strong>,</strong></span> <span class='ocrx_word' id='word_1_5' title='bbox 1306 438 1361 496; x_wconf 91' lang='grc' dir='ltr'><strong><em>ιιι</em></strong></span> 
     </span>
    </p>
   </div>
   <div class='ocr_carea' id='block_1_2' title="bbox 232 593 1367 920">
    <p class='ocr_par' dir='ltr' id='par_1_2' title="bbox 232 593 1367 920">
     <span class='ocr_line' id='line_1_2' title="bbox 233 593 1367 710; baseline -0.006 -17"><span class='ocrx_word' id='word_1_6' title='bbox 233 627 411 710; x_wconf 84' lang='lat' dir='ltr'><strong><em>exquibus</em></strong></span> <span class='ocrx_word' id='word_1_7' title='bbox 435 626 542 692; x_wconf 87' lang='lat' dir='ltr'><strong><em>verbis</em></strong></span> <span class='ocrx_word' id='word_1_8' title='bbox 564 593 622 692; x_wconf 84' lang='lat' dir='ltr'><strong><em>illa</em></strong></span> <span class='ocrx_word' id='word_1_9' title='bbox 652 645 756 710; x_wconf 85' lang='lat' dir='ltr'><strong><em>paene</em></strong></span> <span class='ocrx_word' id='word_1_10' title='bbox 780 623 943 708; x_wconf 82' lang='lat' dir='ltr'><strong><em>descripta</em></strong></span> <span class='ocrx_word' id='word_1_11' title='bbox 965 643 1037 689; x_wconf 81' lang='lat' dir='ltr'><strong><em>esse</em></strong></span> <span class='ocrx_word' id='word_1_12' title='bbox 1059 622 1218 688; x_wconf 83' lang='lat' dir='ltr'><strong><em>videntur.</em></strong></span> <span class='ocrx_word' id='word_1_13' title='bbox 1265 621 1367 688; x_wconf 79' lang='lat' dir='ltr'><strong><em>Acce-</em></strong></span> 
     </span>
     <span class='ocr_line' id='line_1_3' title="bbox 232 725 1367 814; baseline -0.007 -18"><span class='ocrx_word' id='word_1_14' title='bbox 232 730 279 796; x_wconf 85' lang='lat' dir='ltr'><strong><em>dit</em></strong></span> <span class='ocrx_word' id='word_1_15' title='bbox 302 730 387 814; x_wconf 84' lang='lat' dir='ltr'><strong><em>quod</em></strong></span> <span class='ocrx_word' id='word_1_16' title='bbox 410 729 599 797; x_wconf 80' lang='lat' dir='ltr'><strong><em>Cornificius</em></strong></span> <span class='ocrx_word' id='word_1_17' title='bbox 625 750 689 795; x_wconf 89' lang='lat' dir='ltr'><strong><em>non</em></strong></span> <span class='ocrx_word' id='word_1_18' title='bbox 711 728 880 794; x_wconf 74' lang='lat' dir='ltr'><strong><em>marimum</em></strong></span> <span class='ocrx_word' id='word_1_19' title='bbox 912 727 1097 811; x_wconf 71' lang='lat' dir='ltr'><strong><em>ortqiciura,</em></strong></span> <span class='ocrx_word' id='word_1_20' title='bbox 1130 725 1187 792; x_wconf 83' lang='lat' dir='ltr'><strong><em>sed</em></strong></span> <span class='ocrx_word' id='word_1_21' title='bbox 1215 747 1367 790; x_wconf 85' lang='lat' dir='ltr'><strong><em>summum</em></strong></span> 
     </span>
     <span class='ocr_line' id='line_1_4' title="bbox 232 829 1364 920; baseline -0.004 -22"><span class='ocrx_word' id='word_1_22' title='bbox 232 834 401 920; x_wconf 71' lang='lat' dir='ltr'><strong><em>artqieiurn</em></strong></span> <span class='ocrx_word' id='word_1_23' title='bbox 429 835 534 900; x_wconf 83' lang='lat' dir='ltr'>dicere</span> <span class='ocrx_word' id='word_1_24' title='bbox 564 835 659 900; x_wconf 85' lang='lat' dir='ltr'><strong><em>solet:</em></strong></span> <span class='ocrx_word' id='word_1_25' title='bbox 702 832 743 898; x_wconf 85' lang='lat' dir='ltr'><strong><em>ct.</em></strong></span> <span class='ocrx_word' id='word_1_26' title='bbox 770 832 952 916; x_wconf 82' lang='lat' dir='ltr'><strong><em>exemplum</em></strong></span> <span class='ocrx_word' id='word_1_27' title='bbox 982 829 1068 912; x_wconf 83' lang='lat' dir='ltr'><strong><em>quod</em></strong></span> <span class='ocrx_word' id='word_1_28' title='bbox 1097 849 1193 915; x_wconf 85' lang='lat' dir='ltr'><strong><em>supra</em></strong></span> <span class='ocrx_word' id='word_1_29' title='bbox 1222 829 1364 911; x_wconf 83' lang='lat' dir='ltr'><strong><em>laudavi,</em></strong></span> 
     </span>
    </p>
   </div>
   <div class='ocr_carea' id='block_1_3' title="bbox 141 932 1402 4432">
    <p class='ocr_par' dir='ltr' id='par_1_3' title="bbox 141 932 1402 1230">
     <span class='ocr_line' id='line_1_5' title="bbox 231 932 1364 1021; baseline -0.004 -20"><span class='ocrx_word' id='word_1_30' title='bbox 231 943 400 1021; x_wconf 83' lang='lat' dir='ltr'><strong><em>practerea</em></strong></span> <span class='ocrx_word' id='word_1_31' title='bbox 420 937 475 1018; x_wconf 91' lang='lat' dir='ltr'><strong><em>IV,</em></strong></span> <span class='ocrx_word' id='word_1_32' title='bbox 501 942 532 1014; x_wconf 90' lang='grc'><strong><em>2,</em></strong></span> <span class='ocrx_word' id='word_1_33' title='bbox 552 941 571 1002; x_wconf 84' lang='grc'><strong>3</strong></span> <span class='ocrx_word' id='word_1_34' title='bbox 594 935 678 1002; x_wconf 84' lang='lat' dir='ltr'><strong><em>med.</em></strong></span> <span class='ocrx_word' id='word_1_35' title='bbox 714 936 781 1000; x_wconf 85' lang='lat' dir='ltr'><strong><em>siue</em></strong></span> <span class='ocrx_word' id='word_1_36' title='bbox 802 957 920 1000; x_wconf 85' lang='lat' dir='ltr'><strong><em>summo</em></strong></span> <span class='ocrx_word' id='word_1_37' title='bbox 943 933 1089 1018; x_wconf 66' lang='lat' dir='ltr'><strong><em>artficio,</em></strong></span> <span class='ocrx_word' id='word_1_38' title='bbox 1113 934 1168 1014; x_wconf 88' lang='lat' dir='ltr'><strong><em>IV,</em></strong></span> <span class='ocrx_word' id='word_1_39' title='bbox 1195 938 1225 1014; x_wconf 89' lang='grc'><strong><em>4,</em></strong></span> <span class='ocrx_word' id='word_1_40' title='bbox 1246 937 1265 997; x_wconf 87' lang='grc'><strong>6</strong></span> <span class='ocrx_word' id='word_1_41' title='bbox 1288 932 1364 1012; x_wconf 85' lang='grc' dir='ltr'>ι1ιι.;</span> 
     </span>
     <span class='ocr_line' id='line_1_6' title="bbox 141 1035 1402 1124; baseline -0.002 -19"><span class='ocrx_word' id='word_1_42' title='bbox 141 1070 151 1079; x_wconf 84' lang='lat'><em>·</em></span> <span class='ocrx_word' id='word_1_43' title='bbox 231 1041 309 1107; x_wconf 85' lang='lat' dir='ltr'><strong><em>item</em></strong></span> <span class='ocrx_word' id='word_1_44' title='bbox 331 1042 386 1123; x_wconf 90' lang='lat' dir='ltr'><strong><em>IV,</em></strong></span> <span class='ocrx_word' id='word_1_45' title='bbox 411 1045 441 1123; x_wconf 93' lang='grc'><strong><em>2,</em></strong></span> <span class='ocrx_word' id='word_1_46' title='bbox 462 1044 480 1105; x_wconf 90' lang='grc'><strong>3</strong></span> <span class='ocrx_word' id='word_1_47' title='bbox 503 1040 557 1105; x_wconf 89' lang='lat' dir='ltr'><strong><em>fin.</em></strong></span> <span class='ocrx_word' id='word_1_48' title='bbox 589 1061 727 1104; x_wconf 67' lang='lat' dir='ltr'><strong><em>uramus</em></strong></span> <span class='ocrx_word' id='word_1_49' title='bbox 756 1039 887 1124; x_wconf 75' lang='lat' dir='ltr'><strong><em>artifex.</em></strong></span> <span class='ocrx_word' id='word_1_50' title='bbox 940 1039 1105 1104; x_wconf 84' lang='lat' dir='ltr'><strong><em>Postremo</em></strong></span> <span class='ocrx_word' id='word_1_51' title='bbox 1134 1044 1165 1101; x_wconf 90' lang='lat' dir='ltr'><strong><em>ct</em></strong></span> <span class='ocrx_word' id='word_1_52' title='bbox 1197 1035 1277 1101; x_wconf 89' lang='lat' dir='ltr'><strong><em>illud</em></strong></span> <span class='ocrx_word' id='word_1_53' title='bbox 1309 1057 1367 1121; x_wconf 88' lang='lat' dir='ltr'><strong><em>pro</em></strong></span> <span class='ocrx_word' id='word_1_54' title='bbox 1400 1046 1402 1050; x_wconf 83' lang='grc'><strong>’</strong></span> 
     </span>
     <span class='ocr_line' id='line_1_7' title="bbox 232 1140 1157 1230; baseline -0.004 -22"><span class='ocrx_word' id='word_1_55' title='bbox 232 1145 327 1210; x_wconf 87' lang='lat' dir='ltr'><strong><em>etiam</em></strong></span> <span class='ocrx_word' id='word_1_56' title='bbox 348 1145 487 1230; x_wconf 87' lang='lat' dir='ltr'><strong><em>positum</em></strong></span> <span class='ocrx_word' id='word_1_57' title='bbox 510 1145 573 1229; x_wconf 84' lang='lat' dir='ltr'><strong><em>ipsi</em></strong></span> <span class='ocrx_word' id='word_1_58' title='bbox 596 1145 744 1229; x_wconf 84' lang='lat' dir='ltr'><strong><em>Kaysero</em></strong></span> <span class='ocrx_word' id='word_1_59' title='bbox 767 1146 950 1227; x_wconf 85' lang='lat' dir='ltr'><strong><em>suspectum</em></strong></span> <span class='ocrx_word' id='word_1_60' title='bbox 971 1140 1074 1206; x_wconf 84' lang='lat' dir='ltr'><strong><em>visum</em></strong></span> <span class='ocrx_word' id='word_1_61' title='bbox 1098 1146 1157 1206; x_wconf 87' lang='lat' dir='ltr'><strong><em>est.</em></strong></span> 
     </span>
    </p>

    <p class='ocr_par' dir='ltr' id='par_1_4' title="bbox 230 1241 1370 2263">
     <span class='ocr_line' id='line_1_8' title="bbox 318 1241 1370 1330; baseline -0.01 -15"><span class='ocrx_word' id='word_1_62' title='bbox 318 1249 595 1330; x_wconf 78' lang='lat' dir='ltr'><strong><em>Corn.1v,9,13</em></strong></span> <span class='ocrx_word' id='word_1_63' title='bbox 625 1247 659 1310; x_wconf 90' lang='lat' dir='ltr'><strong><em>iu</em></strong></span> <span class='ocrx_word' id='word_1_64' title='bbox 680 1245 832 1310; x_wconf 86' lang='lat' dir='ltr'><strong><em>mediocri</em></strong></span> <span class='ocrx_word' id='word_1_65' title='bbox 845 1245 963 1329; x_wconf 77' lang='lat' dir='ltr'><strong><em>flquou</em></strong></span> <span class='ocrx_word' id='word_1_66' title='bbox 990 1243 1167 1308; x_wconf 77' lang='lat' dir='ltr'><strong><em>versabitur</em></strong></span> <span class='ocrx_word' id='word_1_67' title='bbox 1195 1241 1308 1320; x_wconf 86' lang='lat' dir='ltr'><strong><em>oratio,</em></strong></span> <span class='ocrx_word' id='word_1_68' title='bbox 1339 1243 1370 1306; x_wconf 91' lang='lat' dir='ltr'><strong><em>si</em></strong></span> 
     </span>
     <span class='ocr_line' id='line_1_9' title="bbox 231 1346 1367 1434; baseline -0.002 -20"><span class='ocrx_word' id='word_1_69' title='bbox 231 1351 329 1428; x_wconf 84' lang='lat' dir='ltr'><strong><em>bauo,</em></strong></span> <span class='ocrx_word' id='word_1_70' title='bbox 362 1361 397 1416; x_wconf 93' lang='lat' dir='ltr'><strong><em>ut</em></strong></span> <span class='ocrx_word' id='word_1_71' title='bbox 424 1359 497 1416; x_wconf 85' lang='lat' dir='ltr'><strong><em>aute</em></strong></span> <span class='ocrx_word' id='word_1_72' title='bbox 527 1349 612 1428; x_wconf 84' lang='lat' dir='ltr'><strong><em>dici,</em></strong></span> <span class='ocrx_word' id='word_1_73' title='bbox 644 1349 841 1434; x_wconf 77' lang='lat' dir='ltr'><strong><em>aliquantum</em></strong></span> <span class='ocrx_word' id='word_1_74' title='bbox 869 1347 1094 1412; x_wconf 84' lang='lat' dir='ltr'><strong><em>demiserimus.</em></strong></span> <span class='ocrx_word' id='word_1_75' title='bbox 1141 1346 1299 1429; x_wconf 81' lang='lat' dir='ltr'><strong><em>Neglecta</em></strong></span> <span class='ocrx_word' id='word_1_76' title='bbox 1327 1367 1367 1412; x_wconf 83' lang='lat' dir='ltr'><strong><em>ea</em></strong></span> 
     </span>
     <span class='ocr_line' id='line_1_10' title="bbox 231 1450 1367 1539; baseline -0.004 -21"><span class='ocrx_word' id='word_1_77' title='bbox 231 1474 328 1537; x_wconf 84' lang='lat' dir='ltr'><strong><em>quam</em></strong></span> <span class='ocrx_word' id='word_1_78' title='bbox 350 1455 461 1539; x_wconf 89' lang='lat' dir='ltr'><strong><em>optimi</em></strong></span> <span class='ocrx_word' id='word_1_79' title='bbox 484 1461 516 1521; x_wconf 87' lang='lat' dir='ltr'><strong><em>ct</em></strong></span> <span class='ocrx_word' id='word_1_80' title='bbox 536 1474 640 1539; x_wconf 81' lang='lat' dir='ltr'><strong><em>paene</em></strong></span> <span class='ocrx_word' id='word_1_81' title='bbox 664 1472 776 1520; x_wconf 86' lang='lat' dir='ltr'><strong><em>omnes</em></strong></span> <span class='ocrx_word' id='word_1_82' title='bbox 805 1451 977 1520; x_wconf 84' lang='lat' dir='ltr'><strong><em>lectionem</em></strong></span> <span class='ocrx_word' id='word_1_83' title='bbox 1006 1450 1127 1517; x_wconf 83' lang='lat' dir='ltr'><strong><em>habent</em></strong></span> <span class='ocrx_word' id='word_1_84' title='bbox 1155 1450 1282 1518; x_wconf 83' lang='lat' dir='ltr'><strong><em>codices</em></strong></span> <span class='ocrx_word' id='word_1_85' title='bbox 1305 1451 1367 1515; x_wconf 86' lang='lat' dir='ltr'><strong><em>ali-</em></strong></span> 
     </span>
     <span class='ocr_line' id='line_1_11' title="bbox 231 1554 1366 1643; baseline 0 -23"><span class='ocrx_word' id='word_1_86' title='bbox 231 1559 417 1642; x_wconf 78' lang='lat' dir='ltr'><strong><em>quantulum</em></strong></span> <span class='ocrx_word' id='word_1_87' title='bbox 438 1559 605 1643; x_wconf 82' lang='lat' dir='ltr'><strong><em>Kayserus</em></strong></span> <span class='ocrx_word' id='word_1_88' title='bbox 621 1557 818 1643; x_wconf 80' lang='lat' dir='ltr'><strong><em>aliquantum</em></strong></span> <span class='ocrx_word' id='word_1_89' title='bbox 840 1555 959 1640; x_wconf 82' lang='lat' dir='ltr'><strong><em>recepit</em></strong></span> <span class='ocrx_word' id='word_1_90' title='bbox 982 1575 1022 1622; x_wconf 85' lang='lat' dir='ltr'><strong><em>cx</em></strong></span> <span class='ocrx_word' id='word_1_91' title='bbox 1044 1575 1107 1620; x_wconf 89' lang='lat' dir='ltr'><strong><em>uno</em></strong></span> <span class='ocrx_word' id='word_1_92' title='bbox 1130 1579 1165 1637; x_wconf 88' lang='lat' dir='ltr'><strong><em>o;</em></strong></span> <span class='ocrx_word' id='word_1_93' title='bbox 1191 1576 1266 1620; x_wconf 86' lang='lat' dir='ltr'><strong><em>nam</em></strong></span> <span class='ocrx_word' id='word_1_94' title='bbox 1282 1554 1366 1637; x_wconf 88' lang='lat' dir='ltr'><strong><em>quod</em></strong></span> 
     </span>
     <span class='ocr_line' id='line_1_12' title="bbox 230 1657 1366 1746; baseline 0 -24"><span class='ocrx_word' id='word_1_95' title='bbox 230 1661 251 1722; x_wconf 90' lang='grc' dir='ltr'>Ιι</span> <span class='ocrx_word' id='word_1_96' title='bbox 275 1662 405 1744; x_wconf 84' lang='lat' dir='ltr'><strong><em>praebet</em></strong></span> <span class='ocrx_word' id='word_1_97' title='bbox 433 1662 629 1746; x_wconf 77' lang='lat' dir='ltr'><strong><em>aliquantum</em></strong></span> <span class='ocrx_word' id='word_1_98' title='bbox 659 1669 730 1726; x_wconf 87' lang='lat' dir='ltr'><strong><em>tuuc</em></strong></span> <span class='ocrx_word' id='word_1_99' title='bbox 760 1666 792 1726; x_wconf 88' lang='lat' dir='ltr'><strong><em>ct</em></strong></span> <span class='ocrx_word' id='word_1_100' title='bbox 814 1659 918 1744; x_wconf 84' lang='lat' dir='ltr'><strong><em>ipsum</em></strong></span> <span class='ocrx_word' id='word_1_101' title='bbox 949 1664 1052 1724; x_wconf 90' lang='lat' dir='ltr'><strong><em>ortum</em></strong></span> <span class='ocrx_word' id='word_1_102' title='bbox 1082 1677 1154 1724; x_wconf 83' lang='lat' dir='ltr'><strong><em>esse</em></strong></span> <span class='ocrx_word' id='word_1_103' title='bbox 1176 1657 1303 1724; x_wconf 84' lang='lat' dir='ltr'><strong><em>videtur</em></strong></span> <span class='ocrx_word' id='word_1_104' title='bbox 1325 1678 1366 1724; x_wconf 86' lang='lat' dir='ltr'><strong><em>ex</em></strong></span> 
     </span>
     <span class='ocr_line' id='line_1_13' title="bbox 230 1761 1366 1848; baseline 0 -20"><span class='ocrx_word' id='word_1_105' title='bbox 230 1765 472 1848; x_wconf 79' lang='lat' dir='ltr'><strong><em>aliquantulum.</em></strong></span> <span class='ocrx_word' id='word_1_106' title='bbox 520 1764 734 1831; x_wconf 79' lang='lat' dir='ltr'><strong><em>Dominuendi</em></strong></span> <span class='ocrx_word' id='word_1_107' title='bbox 764 1768 871 1830; x_wconf 85' lang='lat' dir='ltr'><strong><em>autem</em></strong></span> <span class='ocrx_word' id='word_1_108' title='bbox 893 1762 958 1829; x_wconf 89' lang='lat' dir='ltr'><strong><em>vim</em></strong></span> <span class='ocrx_word' id='word_1_109' title='bbox 988 1761 1021 1827; x_wconf 92' lang='lat' dir='ltr'><strong><em>in</em></strong></span> <span class='ocrx_word' id='word_1_110' title='bbox 1049 1761 1206 1828; x_wconf 87' lang='lat' dir='ltr'><strong><em>eiusmodi</em></strong></span> <span class='ocrx_word' id='word_1_111' title='bbox 1233 1761 1366 1828; x_wconf 83' lang='lat' dir='ltr'><strong><em>vocibus</em></strong></span> 
     </span>
     <span class='ocr_line' id='line_1_14' title="bbox 231 1865 1361 1952; baseline -0.001 -20"><span class='ocrx_word' id='word_1_112' title='bbox 231 1869 363 1933; x_wconf 87' lang='lat' dir='ltr'><strong><em>multum</em></strong></span> <span class='ocrx_word' id='word_1_113' title='bbox 394 1888 467 1935; x_wconf 83' lang='lat' dir='ltr'><strong><em>csse</em></strong></span> <span class='ocrx_word' id='word_1_114' title='bbox 501 1868 700 1935; x_wconf 77' lang='lat' dir='ltr'><strong>debilitatam</strong></span> <span class='ocrx_word' id='word_1_115' title='bbox 733 1866 821 1952; x_wconf 82' lang='lat' dir='ltr'><strong><em>apud</em></strong></span> <span class='ocrx_word' id='word_1_116' title='bbox 852 1866 1053 1932; x_wconf 79' lang='lat' dir='ltr'><strong><em>Cornificium</em></strong></span> <span class='ocrx_word' id='word_1_117' title='bbox 1086 1865 1361 1951; x_wconf 83' lang='lat' dir='ltr'><strong><em>supradiximus,</em></strong></span> 
     </span>
     <span class='ocr_line' id='line_1_15' title="bbox 231 1968 1362 2056; baseline 0 -22"><span class='ocrx_word' id='word_1_118' title='bbox 231 1978 265 2035; x_wconf 92' lang='lat' dir='ltr'><strong><em>ut</em></strong></span> <span class='ocrx_word' id='word_1_119' title='bbox 286 1971 371 2036; x_wconf 83' lang='lat' dir='ltr'><strong><em>idem</em></strong></span> <span class='ocrx_word' id='word_1_120' title='bbox 395 1971 553 2056; x_wconf 85' lang='lat' dir='ltr'><strong><em>significet</em></strong></span> <span class='ocrx_word' id='word_1_121' title='bbox 574 1971 719 2038; x_wconf 87' lang='lat' dir='ltr'><strong><em>hocloco</em></strong></span> <span class='ocrx_word' id='word_1_122' title='bbox 735 1971 965 2055; x_wconf 75' lang='lat' dir='ltr'><strong><em>aliquantulum</em></strong></span> <span class='ocrx_word' id='word_1_123' title='bbox 983 1968 1067 2051; x_wconf 88' lang='lat' dir='ltr'><strong><em>quod</em></strong></span> <span class='ocrx_word' id='word_1_124' title='bbox 1081 1969 1168 2054; x_wconf 85' lang='lat' dir='ltr'><strong><em>apud</em></strong></span> <span class='ocrx_word' id='word_1_125' title='bbox 1183 1990 1241 2035; x_wconf 86' lang='lat' dir='ltr'><strong><em>nos</em></strong></span> <span class='ocrx_word' id='word_1_126' title='bbox 1257 1978 1362 2046; x_wconf 85' lang='lat' dir='ltr'><strong><em>etuas,</em></strong></span> 
     </span>
     <span class='ocr_line' id='line_1_16' title="bbox 231 2071 1365 2159; baseline -0.001 -21"><span class='ocrx_word' id='word_1_127' title='bbox 231 2096 301 2138; x_wconf 82' lang='lat' dir='ltr'><strong><em>zum</em></strong></span> <span class='ocrx_word' id='word_1_128' title='bbox 325 2075 388 2139; x_wconf 87' lang='lat' dir='ltr'><strong><em>teil.</em></strong></span> <span class='ocrx_word' id='word_1_129' title='bbox 437 2074 486 2141; x_wconf 80' lang='lat'><strong><em>01.</em></strong></span> <span class='ocrx_word' id='word_1_130' title='bbox 511 2075 577 2141; x_wconf 82' lang='lat' dir='ltr'><strong><em>Cio.</em></strong></span> <span class='ocrx_word' id='word_1_131' title='bbox 597 2076 687 2141; x_wconf 86' lang='lat' dir='ltr'><strong><em>Lael.</em></strong></span> <span class='ocrx_word' id='word_1_132' title='bbox 709 2079 758 2157; x_wconf 90' lang='grc'><strong><em>12,</em></strong></span> <span class='ocrx_word' id='word_1_133' title='bbox 778 2080 818 2139; x_wconf 83' lang='lat' dir='ltr'><strong><em>to</em></strong></span> <span class='ocrx_word' id='word_1_134' title='bbox 842 2072 967 2159; x_wconf 66' lang='lat' dir='ltr'><strong><em>dqlecit</em></strong></span> <span class='ocrx_word' id='word_1_135' title='bbox 988 2071 1052 2136; x_wconf 86' lang='lat' dir='ltr'><strong><em>iau</em></strong></span> <span class='ocrx_word' id='word_1_136' title='bbox 1074 2072 1304 2157; x_wconf 77' lang='lat' dir='ltr'><strong><em>aliquantulum</em></strong></span> <span class='ocrx_word' id='word_1_137' title='bbox 1327 2075 1365 2137; x_wconf 78' lang='lat' dir='ltr'><strong><em>ele</em></strong></span> 
     </span>
     <span class='ocr_line' id='line_1_17' title="bbox 231 2177 965 2263; baseline -0.001 -22"><span class='ocrx_word' id='word_1_138' title='bbox 231 2178 332 2260; x_wconf 83' lang='lat' dir='ltr'><strong><em>spatio</em></strong></span> <span class='ocrx_word' id='word_1_139' title='bbox 355 2179 571 2263; x_wconf 70' lang='lat' dir='ltr'><strong><em>curriculoque</em></strong></span> <span class='ocrx_word' id='word_1_140' title='bbox 593 2180 777 2242; x_wconf 85' lang='lat' dir='ltr'><strong><em>cousuetudo</em></strong></span> <span class='ocrx_word' id='word_1_141' title='bbox 800 2177 965 2242; x_wconf 85' lang='lat' dir='ltr'><strong><em>maiorum.</em></strong></span> 
     </span>
    </p>

    <p class='ocr_par' dir='ltr' id='par_1_5' title="bbox 152 2279 1368 4321">
     <span class='ocr_line' id='line_1_18' title="bbox 319 2279 1366 2363; baseline -0.003 -16"><span class='ocrx_word' id='word_1_142' title='bbox 319 2282 414 2347; x_wconf 81' lang='lat' dir='ltr'><strong><em>Corn.</em></strong></span> <span class='ocrx_word' id='word_1_143' title='bbox 432 2282 488 2362; x_wconf 90' lang='lat' dir='ltr'><strong><em>IV,</em></strong></span> <span class='ocrx_word' id='word_1_144' title='bbox 510 2285 559 2363; x_wconf 87' lang='lat'><strong><em>16,</em></strong></span> <span class='ocrx_word' id='word_1_145' title='bbox 579 2285 632 2347; x_wconf 87' lang='grc'><strong><em>23.</em></strong></span> <span class='ocrx_word' id='word_1_146' title='bbox 675 2280 816 2346; x_wconf 76' lang='lat' dir='ltr'><strong><em>Maiores</em></strong></span> <span class='ocrx_word' id='word_1_147' title='bbox 838 2280 940 2344; x_wconf 87' lang='lat' dir='ltr'><strong><em>uostri</em></strong></span> <span class='ocrx_word' id='word_1_148' title='bbox 963 2279 993 2343; x_wconf 89' lang='lat' dir='ltr'><strong><em>si</em></strong></span> <span class='ocrx_word' id='word_1_149' title='bbox 1013 2301 1106 2363; x_wconf 84' lang='lat' dir='ltr'><strong><em>quam</em></strong></span> <span class='ocrx_word' id='word_1_150' title='bbox 1132 2279 1224 2344; x_wconf 91' lang='lat' dir='ltr'><strong><em>uuius</em></strong></span> <span class='ocrx_word' id='word_1_151' title='bbox 1240 2289 1366 2363; x_wconf 81' lang='lat' dir='ltr'><strong><em>peccati</em></strong></span> 
     </span>
     <span class='ocr_line' id='line_1_19' title="bbox 233 2382 1366 2468; baseline 0.001 -21"><span class='ocrx_word' id='word_1_152' title='bbox 233 2384 393 2448; x_wconf 82' lang='lat' dir='ltr'><strong><em>mulierem</em></strong></span> <span class='ocrx_word' id='word_1_153' title='bbox 415 2384 617 2462; x_wconf 77' lang='lat' dir='ltr'><strong><em>domitabant,</em></strong></span> <span class='ocrx_word' id='word_1_154' title='bbox 649 2382 785 2468; x_wconf 81' lang='lat' dir='ltr'><strong><em>simplici</em></strong></span> <span class='ocrx_word' id='word_1_155' title='bbox 809 2383 924 2447; x_wconf 84' lang='lat' dir='ltr'><strong><em>iudicio</em></strong></span> <span class='ocrx_word' id='word_1_156' title='bbox 953 2382 1123 2448; x_wconf 84' lang='lat' dir='ltr'><strong><em>multorum</em></strong></span> <span class='ocrx_word' id='word_1_157' title='bbox 1143 2382 1366 2467; x_wconf 80' lang='lat' dir='ltr'><strong><em>maleficiorum</em></strong></span> 
     </span>
     <span class='ocr_line' id='line_1_20' title="bbox 232 2485 1365 2571; baseline 0 -22"><span class='ocrx_word' id='word_1_158' title='bbox 232 2487 404 2551; x_wconf 86' lang='lat' dir='ltr'><strong><em>couoictaru</em></strong></span> <span class='ocrx_word' id='word_1_159' title='bbox 431 2488 600 2570; x_wconf 82' lang='lat' dir='ltr'><strong><em>putabuut.</em></strong></span> <span class='ocrx_word' id='word_1_160' title='bbox 651 2490 718 2558; x_wconf 87' lang='lat' dir='ltr'><strong><em>Quo</em></strong></span> <span class='ocrx_word' id='word_1_161' title='bbox 743 2489 867 2570; x_wconf 76' lang='lat' dir='ltr'><strong><em>pacto?</em></strong></span> <span class='ocrx_word' id='word_1_162' title='bbox 898 2509 992 2571; x_wconf 88' lang='lat' dir='ltr'><strong><em>quoru</em></strong></span> <span class='ocrx_word' id='word_1_163' title='bbox 1022 2485 1213 2569; x_wconf 79' lang='lat' dir='ltr'><strong><em>impudicam</em></strong></span> <span class='ocrx_word' id='word_1_164' title='bbox 1241 2487 1365 2550; x_wconf 87' lang='lat' dir='ltr'><strong><em>iudica-</em></strong></span> 
     </span>
     <span class='ocr_line' id='line_1_21' title="bbox 231 2590 1365 2676; baseline 0.001 -23"><span class='ocrx_word' id='word_1_165' title='bbox 231 2599 316 2666; x_wconf 87' lang='lat' dir='ltr'><strong><em>raut,</em></strong></span> <span class='ocrx_word' id='word_1_166' title='bbox 342 2612 410 2655; x_wconf 86' lang='lat' dir='ltr'><strong><em>com</em></strong></span> <span class='ocrx_word' id='word_1_167' title='bbox 431 2590 572 2676; x_wconf 82' lang='lat' dir='ltr'><strong><em>ocueficii</em></strong></span> <span class='ocrx_word' id='word_1_168' title='bbox 592 2613 712 2675; x_wconf 85' lang='lat' dir='ltr'><strong><em>quoque</em></strong></span> <span class='ocrx_word' id='word_1_169' title='bbox 731 2591 913 2655; x_wconf 79' lang='lat' dir='ltr'><strong><em>damnatam</em></strong></span> <span class='ocrx_word' id='word_1_170' title='bbox 935 2590 1167 2655; x_wconf 73' lang='lat' dir='ltr'><strong><em>existimabant.</em></strong></span> <span class='ocrx_word' id='word_1_171' title='bbox 1207 2591 1365 2675; x_wconf 79' lang='lat' dir='ltr'><strong><em>Exempla</em></strong></span> 
     </span>
     <span class='ocr_line' id='line_1_22' title="bbox 232 2692 1368 2778; baseline 0.001 -22"><span class='ocrx_word' id='word_1_172' title='bbox 232 2693 321 2775; x_wconf 90' lang='lat' dir='ltr'><strong><em>ponit</em></strong></span> <span class='ocrx_word' id='word_1_173' title='bbox 343 2692 532 2762; x_wconf 79' lang='lat' dir='ltr'><strong><em>Cornificius</em></strong></span> <span class='ocrx_word' id='word_1_174' title='bbox 553 2693 816 2772; x_wconf 72' lang='lat' dir='ltr'><strong><em>ratiocinationis,</em></strong></span> <span class='ocrx_word' id='word_1_175' title='bbox 835 2715 898 2777; x_wconf 84' lang='lat' dir='ltr'><strong><em>per</em></strong></span> <span class='ocrx_word' id='word_1_176' title='bbox 913 2715 1015 2778; x_wconf 85' lang='lat' dir='ltr'><strong><em>quam,</em></strong></span> <span class='ocrx_word' id='word_1_177' title='bbox 1042 2700 1078 2759; x_wconf 89' lang='lat' dir='ltr'><strong><em>ut</em></strong></span> <span class='ocrx_word' id='word_1_178' title='bbox 1098 2693 1169 2777; x_wconf 87' lang='lat' dir='ltr'><strong><em>ipsc</em></strong></span> <span class='ocrx_word' id='word_1_179' title='bbox 1191 2693 1278 2775; x_wconf 86' lang='lat' dir='ltr'><strong><em>dicit,</em></strong></span> <span class='ocrx_word' id='word_1_180' title='bbox 1304 2693 1368 2778; x_wconf 84' lang='lat' dir='ltr'><strong><em>ipsi</em></strong></span> 
     </span>
     <span class='ocr_line' id='line_1_23' title="bbox 231 2796 1364 2881; baseline 0.004 -23"><span class='ocrx_word' id='word_1_181' title='bbox 231 2818 251 2858; x_wconf 88' lang='lat' dir='ltr'><strong><em>a</em></strong></span> <span class='ocrx_word' id='word_1_182' title='bbox 274 2797 361 2860; x_wconf 88' lang='lat' dir='ltr'><strong><em>uobis</em></strong></span> <span class='ocrx_word' id='word_1_183' title='bbox 383 2797 538 2862; x_wconf 81' lang='lat' dir='ltr'><strong><em>ratioueut</em></strong></span> <span class='ocrx_word' id='word_1_184' title='bbox 554 2797 714 2880; x_wconf 84' lang='lat' dir='ltr'><strong><em>poscimus</em></strong></span> <span class='ocrx_word' id='word_1_185' title='bbox 737 2818 799 2879; x_wconf 84' lang='lat' dir='ltr'><strong><em>quo</em></strong></span> <span class='ocrx_word' id='word_1_186' title='bbox 819 2819 855 2861; x_wconf 88' lang='lat' dir='ltr'><strong><em>re</em></strong></span> <span class='ocrx_word' id='word_1_187' title='bbox 874 2797 1008 2881; x_wconf 85' lang='lat' dir='ltr'><strong><em>quidque</em></strong></span> <span class='ocrx_word' id='word_1_188' title='bbox 1023 2796 1172 2862; x_wconf 86' lang='lat' dir='ltr'><strong><em>dicamus.</em></strong></span> <span class='ocrx_word' id='word_1_189' title='bbox 1220 2799 1281 2862; x_wconf 83' lang='lat' dir='ltr'><strong><em>Per</em></strong></span> <span class='ocrx_word' id='word_1_190' title='bbox 1302 2797 1364 2863; x_wconf 88' lang='lat' dir='ltr'><strong><em>duo</em></strong></span> 
     </span>
     <span class='ocr_line' id='line_1_24' title="bbox 194 2899 1366 2985; baseline 0.003 -23"><span class='ocrx_word' id='word_1_191' title='bbox 194 2931 203 2938; x_wconf 75' lang='lat'><em>,</em></span> <span class='ocrx_word' id='word_1_192' title='bbox 231 2905 338 2964; x_wconf 81' lang='lat' dir='ltr'><strong><em>autem</em></strong></span> <span class='ocrx_word' id='word_1_193' title='bbox 361 2919 445 2981; x_wconf 79' lang='lat' dir='ltr'><strong><em>quac</em></strong></span> <span class='ocrx_word' id='word_1_194' title='bbox 467 2900 556 2985; x_wconf 87' lang='lat' dir='ltr'><strong><em>ponit</em></strong></span> <span class='ocrx_word' id='word_1_195' title='bbox 578 2900 727 2985; x_wconf 83' lang='lat' dir='ltr'><strong><em>exempla</em></strong></span> <span class='ocrx_word' id='word_1_196' title='bbox 749 2921 821 2966; x_wconf 81' lang='lat' dir='ltr'><strong><em>eam</em></strong></span> <span class='ocrx_word' id='word_1_197' title='bbox 843 2900 993 2966; x_wconf 83' lang='lat' dir='ltr'><strong><em>observat</em></strong></span> <span class='ocrx_word' id='word_1_198' title='bbox 1015 2899 1185 2981; x_wconf 82' lang='lat' dir='ltr'><strong><em>rationem,</em></strong></span> <span class='ocrx_word' id='word_1_199' title='bbox 1218 2906 1254 2964; x_wconf 89' lang='lat' dir='ltr'><strong><em>ut</em></strong></span> <span class='ocrx_word' id='word_1_200' title='bbox 1275 2908 1366 2984; x_wconf 84' lang='lat' dir='ltr'><strong><em>post-</em></strong></span> 
     </span>
     <span class='ocr_line' id='line_1_25' title="bbox 206 3002 1360 3088; baseline 0 -22"><span class='ocrx_word' id='word_1_201' title='bbox 206 3023 328 3084; x_wconf 86' lang='lat' dir='ltr'><strong><em>·quam</em></strong></span> <span class='ocrx_word' id='word_1_202' title='bbox 355 3004 515 3085; x_wconf 85' lang='lat' dir='ltr'><strong><em>particula</em></strong></span> <span class='ocrx_word' id='word_1_203' title='bbox 543 3003 653 3086; x_wconf 84' lang='lat' dir='ltr'><strong><em>aliqua</em></strong></span> <span class='ocrx_word' id='word_1_204' title='bbox 686 3003 916 3086; x_wconf 81' lang='lat' dir='ltr'><strong><em>interrogativa</em></strong></span> <span class='ocrx_word' id='word_1_205' title='bbox 943 3003 1033 3087; x_wconf 87' lang='lat' dir='ltr'><strong><em>(quid</em></strong></span> <span class='ocrx_word' id='word_1_206' title='bbox 1058 3002 1124 3080; x_wconf 90' lang='lat' dir='ltr'><strong><em>ito,</em></strong></span> <span class='ocrx_word' id='word_1_207' title='bbox 1155 3023 1222 3080; x_wconf 88' lang='lat' dir='ltr'><strong><em>cur,</em></strong></span> <span class='ocrx_word' id='word_1_208' title='bbox 1254 3007 1360 3088; x_wconf 83' lang='lat' dir='ltr'><strong><em>quare)</em></strong></span> 
     </span>
     <span class='ocr_line' id='line_1_26' title="bbox 231 3104 1365 3191; baseline 0 -19"><span class='ocrx_word' id='word_1_209' title='bbox 231 3125 363 3172; x_wconf 82' lang='lat' dir='ltr'><strong><em>oausam</em></strong></span> <span class='ocrx_word' id='word_1_210' title='bbox 378 3127 399 3170; x_wconf 95' lang='grc' dir='ltr'><strong><em>ιι</em></strong></span> <span class='ocrx_word' id='word_1_211' title='bbox 412 3113 515 3173; x_wconf 83' lang='lat' dir='ltr'><strong><em>semet</em></strong></span> <span class='ocrx_word' id='word_1_212' title='bbox 536 3107 607 3191; x_wconf 85' lang='lat' dir='ltr'><strong><em>ipso</em></strong></span> <span class='ocrx_word' id='word_1_213' title='bbox 623 3106 777 3191; x_wconf 84' lang='lat' dir='ltr'><strong><em>poposcit,</em></strong></span> <span class='ocrx_word' id='word_1_214' title='bbox 804 3112 956 3188; x_wconf 81' lang='lat' dir='ltr'><strong><em>sequatur</em></strong></span> <span class='ocrx_word' id='word_1_215' title='bbox 977 3106 1035 3171; x_wconf 87' lang='lat' dir='ltr'><strong><em>illa</em></strong></span> <span class='ocrx_word' id='word_1_216' title='bbox 1055 3104 1269 3190; x_wconf 80' lang='lat' dir='ltr'><strong><em>praecedente</em></strong></span> <span class='ocrx_word' id='word_1_217' title='bbox 1289 3127 1365 3191; x_wconf 85' lang='lat' dir='ltr'><strong><em>par-</em></strong></span> 
     </span>
     <span class='ocr_line' id='line_1_27' title="bbox 230 3207 1364 3293; baseline 0.002 -21"><span class='ocrx_word' id='word_1_218' title='bbox 230 3207 329 3274; x_wconf 78' lang='lat' dir='ltr'><strong><em>titula</em></strong></span> <span class='ocrx_word' id='word_1_219' title='bbox 352 3209 440 3292; x_wconf 89' lang='lat' dir='ltr'><strong><em>quie;</em></strong></span> <span class='ocrx_word' id='word_1_220' title='bbox 475 3209 517 3275; x_wconf 83' lang='lat' dir='ltr'><strong><em>cl.</em></strong></span> <span class='ocrx_word' id='word_1_221' title='bbox 544 3230 618 3293; x_wconf 85' lang='lat' dir='ltr'><strong><em>pag.</em></strong></span> <span class='ocrx_word' id='word_1_222' title='bbox 640 3211 711 3291; x_wconf 97' lang='grc'><strong>148,</strong></span> <span class='ocrx_word' id='word_1_223' title='bbox 732 3209 799 3273; x_wconf 83' lang='grc' dir='ltr'><strong><em>5Κ</em></strong></span> <span class='ocrx_word' id='word_1_224' title='bbox 820 3210 898 3293; x_wconf 87' lang='lat' dir='ltr'><strong><em>quid</em></strong></span> <span class='ocrx_word' id='word_1_225' title='bbox 916 3209 988 3273; x_wconf 75' lang='lat' dir='ltr'><strong><em>ita?</em></strong></span> <span class='ocrx_word' id='word_1_226' title='bbox 1012 3209 1103 3293; x_wconf 82' lang='lat' dir='ltr'><strong><em>quie;</em></strong></span> <span class='ocrx_word' id='word_1_227' title='bbox 1133 3212 1260 3290; x_wconf 89' lang='grc'><strong>148,10</strong></span> <span class='ocrx_word' id='word_1_228' title='bbox 1282 3213 1364 3290; x_wconf 75' lang='lat' dir='ltr'><strong><em>our?</em></strong></span> 
     </span>
     <span class='ocr_line' id='line_1_28' title="bbox 231 3311 1363 3398; baseline 0.004 -24"><span class='ocrx_word' id='word_1_229' title='bbox 231 3311 321 3394; x_wconf 80' lang='lat' dir='ltr'><strong><em>quie;</em></strong></span> <span class='ocrx_word' id='word_1_230' title='bbox 350 3315 422 3394; x_wconf 84' lang='lat'><strong>148,</strong></span> <span class='ocrx_word' id='word_1_231' title='bbox 445 3317 482 3376; x_wconf 89' lang='grc'><strong><em>14</em></strong></span> <span class='ocrx_word' id='word_1_232' title='bbox 505 3335 568 3396; x_wconf 89' lang='lat' dir='ltr'><strong><em>qua</em></strong></span> <span class='ocrx_word' id='word_1_233' title='bbox 588 3315 648 3378; x_wconf 76' lang='lat' dir='ltr'><strong><em>re?</em></strong></span> <span class='ocrx_word' id='word_1_234' title='bbox 677 3313 767 3397; x_wconf 88' lang='lat' dir='ltr'><strong><em>quie;</em></strong></span> <span class='ocrx_word' id='word_1_235' title='bbox 794 3334 869 3398; x_wconf 82' lang='lat' dir='ltr'><strong><em>pag.</em></strong></span> <span class='ocrx_word' id='word_1_236' title='bbox 891 3316 961 3394; x_wconf 85' lang='grc'><strong>149,</strong></span> <span class='ocrx_word' id='word_1_237' title='bbox 981 3316 1012 3378; x_wconf 93' lang='grc'><strong><em>2.</em></strong></span> <span class='ocrx_word' id='word_1_238' title='bbox 1031 3316 1061 3377; x_wconf 89' lang='grc'><strong><em>6.</em></strong></span> <span class='ocrx_word' id='word_1_239' title='bbox 1080 3316 1111 3376; x_wconf 79' lang='grc'><strong><em>9.</em></strong></span> <span class='ocrx_word' id='word_1_240' title='bbox 1134 3314 1171 3376; x_wconf 91' lang='grc'><strong><em>13</em></strong></span> <span class='ocrx_word' id='word_1_241' title='bbox 1187 3331 1256 3396; x_wconf 81' lang='lat' dir='ltr'><strong><em>sq.;</em></strong></span> <span class='ocrx_word' id='word_1_242' title='bbox 1287 3313 1363 3380; x_wconf 83' lang='lat' dir='ltr'><strong><em>item</em></strong></span> 
     </span>
     <span class='ocr_line' id='line_1_29' title="bbox 161 3415 1364 3500; baseline 0.002 -21"><span class='ocrx_word' id='word_1_243' title='bbox 161 3445 165 3449; x_wconf 96' lang='lat'>·</span> <span class='ocrx_word' id='word_1_244' title='bbox 230 3415 285 3496; x_wconf 90' lang='lat' dir='ltr'><strong><em>IV,</em></strong></span> <span class='ocrx_word' id='word_1_245' title='bbox 312 3419 364 3496; x_wconf 83' lang='lat'><strong><em>37,</em></strong></span> <span class='ocrx_word' id='word_1_246' title='bbox 383 3419 424 3480; x_wconf 90' lang='grc'><strong><em>49</em></strong></span> <span class='ocrx_word' id='word_1_247' title='bbox 446 3436 522 3500; x_wconf 85' lang='lat' dir='ltr'><strong><em>pag.</em></strong></span> <span class='ocrx_word' id='word_1_248' title='bbox 544 3418 615 3497; x_wconf 81' lang='lat'><strong>183,</strong></span> <span class='ocrx_word' id='word_1_249' title='bbox 641 3420 660 3480; x_wconf 80' lang='grc'>9</span> <span class='ocrx_word' id='word_1_250' title='bbox 685 3435 732 3499; x_wconf 85' lang='lat' dir='ltr'><strong><em>sq.</em></strong></span> <span class='ocrx_word' id='word_1_251' title='bbox 758 3417 799 3480; x_wconf 90' lang='grc' dir='ltr'><strong><em>Κ.</em></strong></span> <span class='ocrx_word' id='word_1_252' title='bbox 855 3415 1064 3482; x_wconf 78' lang='lat' dir='ltr'><strong><em>Desideratus</em></strong></span> <span class='ocrx_word' id='word_1_253' title='bbox 1096 3415 1177 3482; x_wconf 84' lang='lat' dir='ltr'><strong><em>hace</em></strong></span> <span class='ocrx_word' id='word_1_254' title='bbox 1206 3416 1364 3500; x_wconf 82' lang='lat' dir='ltr'><strong><em>particula</em></strong></span> 
     </span>
     <span class='ocr_line' id='line_1_30' title="bbox 232 3519 1364 3605; baseline 0.004 -24"><span class='ocrx_word' id='word_1_255' title='bbox 232 3538 294 3584; x_wconf 88' lang='lat' dir='ltr'><strong><em>uno</em></strong></span> <span class='ocrx_word' id='word_1_256' title='bbox 323 3519 393 3587; x_wconf 80' lang='lat' dir='ltr'><strong><em>loto</em></strong></span> <span class='ocrx_word' id='word_1_257' title='bbox 415 3541 490 3604; x_wconf 83' lang='lat' dir='ltr'><strong><em>pag.</em></strong></span> <span class='ocrx_word' id='word_1_258' title='bbox 519 3523 628 3599; x_wconf 82' lang='grc'><strong>148,4</strong></span> <span class='ocrx_word' id='word_1_259' title='bbox 659 3543 719 3604; x_wconf 91' lang='lat' dir='ltr'><strong><em>quo</em></strong></span> <span class='ocrx_word' id='word_1_260' title='bbox 742 3523 866 3604; x_wconf 74' lang='lat' dir='ltr'><strong><em>pacto?</em></strong></span> <span class='ocrx_word' id='word_1_261' title='bbox 897 3542 990 3605; x_wconf 86' lang='lat' dir='ltr'><strong><em>quom</em></strong></span> <span class='ocrx_word' id='word_1_262' title='bbox 1017 3519 1198 3604; x_wconf 74' lang='lat' dir='ltr'><strong><em>inpudicam</em></strong></span> <span class='ocrx_word' id='word_1_263' title='bbox 1220 3529 1279 3584; x_wconf 87' lang='lat' dir='ltr'><strong><em>etc.</em></strong></span> <span class='ocrx_word' id='word_1_264' title='bbox 1309 3520 1364 3604; x_wconf 86' lang='lat' dir='ltr'><strong><em>(ila</em></strong></span> 
     </span>
     <span class='ocr_line' id='line_1_31' title="bbox 231 3619 1364 3708; baseline -0.001 -24"><span class='ocrx_word' id='word_1_265' title='bbox 231 3619 351 3703; x_wconf 62' lang='grc' dir='ltr'>Ιιπμῖ,</span> <span class='ocrx_word' id='word_1_266' title='bbox 371 3626 402 3703; x_wconf 89' lang='grc'><strong><em>2,</em></strong></span> <span class='ocrx_word' id='word_1_267' title='bbox 420 3623 524 3698; x_wconf 77' lang='lat' dir='ltr'>pv0³;</span> <span class='ocrx_word' id='word_1_268' title='bbox 559 3624 652 3688; x_wconf 82' lang='lat' dir='ltr'><strong><em>rell:</em></strong></span> <span class='ocrx_word' id='word_1_269' title='bbox 693 3645 752 3708; x_wconf 88' lang='lat' dir='ltr'><strong><em>quo</em></strong></span> <span class='ocrx_word' id='word_1_270' title='bbox 779 3626 901 3707; x_wconf 78' lang='lat' dir='ltr'><strong><em>pacto?</em></strong></span> <span class='ocrx_word' id='word_1_271' title='bbox 930 3623 1216 3708; x_wconf 72' lang='lat' dir='ltr'><strong><em>quorumquam).</em></strong></span> <span class='ocrx_word' id='word_1_272' title='bbox 1263 3623 1364 3707; x_wconf 85' lang='lat' dir='ltr'><strong><em>Equi.</em></strong></span> 
     </span>
     <span class='ocr_line' id='line_1_32' title="bbox 231 3722 1363 3810; baseline 0.002 -23"><span class='ocrx_word' id='word_1_273' title='bbox 231 3722 304 3788; x_wconf 87' lang='lat' dir='ltr'><strong><em>dem</em></strong></span> <span class='ocrx_word' id='word_1_274' title='bbox 326 3724 386 3789; x_wconf 86' lang='lat' dir='ltr'><strong><em>hoo</em></strong></span> <span class='ocrx_word' id='word_1_275' title='bbox 407 3745 532 3807; x_wconf 84' lang='lat' dir='ltr'><strong><em>quoque</em></strong></span> <span class='ocrx_word' id='word_1_276' title='bbox 561 3726 631 3792; x_wconf 88' lang='lat' dir='ltr'><strong><em>loco</em></strong></span> <span class='ocrx_word' id='word_1_277' title='bbox 653 3726 856 3792; x_wconf 86' lang='lat' dir='ltr'><strong><em>scribendum</em></strong></span> <span class='ocrx_word' id='word_1_278' title='bbox 887 3746 960 3793; x_wconf 82' lang='lat' dir='ltr'><strong><em>csse</em></strong></span> <span class='ocrx_word' id='word_1_279' title='bbox 988 3746 1121 3794; x_wconf 83' lang='lat' dir='ltr'><strong><em>censeo:</em></strong></span> <span class='ocrx_word' id='word_1_280' title='bbox 1156 3749 1215 3810; x_wconf 89' lang='lat' dir='ltr'><strong><em>quo</em></strong></span> <span class='ocrx_word' id='word_1_281' title='bbox 1240 3729 1363 3809; x_wconf 71' lang='lat' dir='ltr'><strong><em>pacto?</em></strong></span> 
     </span>
     <span class='ocr_line' id='line_1_33' title="bbox 231 3828 1360 3916; baseline 0.005 -28"><span class='ocrx_word' id='word_1_282' title='bbox 231 3832 305 3908; x_wconf 88' lang='lat' dir='ltr'><strong><em>quia</em></strong></span> <span class='ocrx_word' id='word_1_283' title='bbox 320 3848 413 3910; x_wconf 86' lang='lat' dir='ltr'><strong><em>quoru</em></strong></span> <span class='ocrx_word' id='word_1_284' title='bbox 429 3836 485 3890; x_wconf 90' lang='lat' dir='ltr'><strong><em>etc.</em></strong></span> <span class='ocrx_word' id='word_1_285' title='bbox 517 3828 568 3910; x_wconf 80' lang='lat' dir='ltr'><strong><em>(cs.</em></strong></span> <span class='ocrx_word' id='word_1_286' title='bbox 587 3829 758 3895; x_wconf 83' lang='lat' dir='ltr'><strong><em>lectionem</em></strong></span> <span class='ocrx_word' id='word_1_287' title='bbox 774 3829 892 3896; x_wconf 81' lang='lat' dir='ltr'><strong><em>codicis</em></strong></span> <span class='ocrx_word' id='word_1_288' title='bbox 915 3833 967 3916; x_wconf 68' lang='lat'><strong><em>9¹:</em></strong></span> <span class='ocrx_word' id='word_1_289' title='bbox 994 3852 1054 3913; x_wconf 92' lang='lat' dir='ltr'><strong><em>quo</em></strong></span> <span class='ocrx_word' id='word_1_290' title='bbox 1072 3837 1169 3913; x_wconf 83' lang='lat' dir='ltr'><strong><em>paeto</em></strong></span> <span class='ocrx_word' id='word_1_291' title='bbox 1192 3829 1266 3915; x_wconf 88' lang='lat' dir='ltr'><strong><em>quio</em></strong></span> <span class='ocrx_word' id='word_1_292' title='bbox 1281 3830 1360 3914; x_wconf 78' lang='lat' dir='ltr'><strong><em>qui).</em></strong></span> 
     </span>
     <span class='ocr_line' id='line_1_34' title="bbox 231 3929 1359 4017; baseline 0.004 -26"><span class='ocrx_word' id='word_1_293' title='bbox 231 3929 341 3994; x_wconf 78' lang='lat' dir='ltr'><strong><em>Facile</em></strong></span> <span class='ocrx_word' id='word_1_294' title='bbox 365 3929 505 3994; x_wconf 86' lang='lat' dir='ltr'><strong><em>enimin</em></strong></span> <span class='ocrx_word' id='word_1_295' title='bbox 528 3930 636 3996; x_wconf 87' lang='lat' dir='ltr'><strong><em>codice</em></strong></span> <span class='ocrx_word' id='word_1_296' title='bbox 659 3929 834 4017; x_wconf 84' lang='lat' dir='ltr'><strong><em>archetypo</em></strong></span> <span class='ocrx_word' id='word_1_297' title='bbox 858 3932 932 4017; x_wconf 89' lang='lat' dir='ltr'><strong><em>quia</em></strong></span> <span class='ocrx_word' id='word_1_298' title='bbox 960 3931 1121 3998; x_wconf 78' lang='lat' dir='ltr'><strong><em>intercidit</em></strong></span> <span class='ocrx_word' id='word_1_299' title='bbox 1149 3938 1225 3997; x_wconf 80' lang='lat' dir='ltr'><strong><em>ante</em></strong></span> <span class='ocrx_word' id='word_1_300' title='bbox 1254 3955 1359 4016; x_wconf 87' lang='lat' dir='ltr'><strong><em>quom.</em></strong></span> 
     </span>
     <span class='ocr_line' id='line_1_35' title="bbox 229 4031 1364 4119; baseline 0.006 -25"><span class='ocrx_word' id='word_1_301' title='bbox 229 4031 311 4096; x_wconf 86' lang='lat' dir='ltr'><strong><em>Tum</em></strong></span> <span class='ocrx_word' id='word_1_302' title='bbox 335 4032 463 4116; x_wconf 82' lang='lat' dir='ltr'><strong><em>lacuna,</em></strong></span> <span class='ocrx_word' id='word_1_303' title='bbox 498 4052 560 4097; x_wconf 89' lang='lat' dir='ltr'><strong><em>non</em></strong></span> <span class='ocrx_word' id='word_1_304' title='bbox 583 4053 676 4099; x_wconf 86' lang='lat' dir='ltr'><strong><em>secus</em></strong></span> <span class='ocrx_word' id='word_1_305' title='bbox 698 4040 794 4115; x_wconf 82' lang='lat' dir='ltr'><strong><em>atque</em></strong></span> <span class='ocrx_word' id='word_1_306' title='bbox 821 4055 919 4119; x_wconf 84' lang='lat' dir='ltr'><strong><em>saepe</em></strong></span> <span class='ocrx_word' id='word_1_307' title='bbox 946 4035 1036 4115; x_wconf 86' lang='lat' dir='ltr'><strong><em>alibi,</em></strong></span> <span class='ocrx_word' id='word_1_308' title='bbox 1069 4055 1090 4098; x_wconf 88' lang='grc' dir='ltr'><strong><em>ιι</em></strong></span> <span class='ocrx_word' id='word_1_309' title='bbox 1111 4034 1233 4119; x_wconf 78' lang='lat' dir='ltr'><strong><em>primae</em></strong></span> <span class='ocrx_word' id='word_1_310' title='bbox 1256 4041 1289 4100; x_wconf 83' lang='lat' dir='ltr'><strong><em>et</em></strong></span> <span class='ocrx_word' id='word_1_311' title='bbox 1311 4055 1364 4101; x_wconf 81' lang='lat' dir='ltr'><strong><em>se-</em></strong></span> 
     </span>
     <span class='ocr_line' id='line_1_36' title="bbox 152 4133 1361 4222; baseline 0.007 -24"><span class='ocrx_word' id='word_1_312' title='bbox 152 4153 158 4182; x_wconf 74' lang='grc' dir='ltr'><strong><em>ι</em></strong></span> <span class='ocrx_word' id='word_1_313' title='bbox 229 4133 354 4200; x_wconf 84' lang='lat' dir='ltr'><strong><em>eundae</em></strong></span> <span class='ocrx_word' id='word_1_314' title='bbox 387 4135 527 4202; x_wconf 83' lang='lat' dir='ltr'><strong><em>familiae</em></strong></span> <span class='ocrx_word' id='word_1_315' title='bbox 561 4137 701 4203; x_wconf 84' lang='lat' dir='ltr'><strong><em>librariis</em></strong></span> <span class='ocrx_word' id='word_1_316' title='bbox 734 4139 861 4222; x_wconf 82' lang='lat' dir='ltr'><strong><em>integra</em></strong></span> <span class='ocrx_word' id='word_1_317' title='bbox 894 4139 1029 4216; x_wconf 85' lang='lat' dir='ltr'><strong><em>tradita,</em></strong></span> <span class='ocrx_word' id='word_1_318' title='bbox 1066 4159 1086 4203; x_wconf 89' lang='grc' dir='ltr'><strong><em>ιι</em></strong></span> <span class='ocrx_word' id='word_1_319' title='bbox 1114 4139 1246 4222; x_wconf 83' lang='lat' dir='ltr'><strong><em>reliquis</em></strong></span> <span class='ocrx_word' id='word_1_320' title='bbox 1276 4139 1361 4206; x_wconf 84' lang='lat' dir='ltr'><strong><em>falso</em></strong></span> 
     </span>
     <span class='ocr_line' id='line_1_37' title="bbox 229 4238 462 4321; baseline 0.013 -21"><span class='ocrx_word' id='word_1_321' title='bbox 229 4238 380 4321; x_wconf 80' lang='lat' dir='ltr'><strong><em>suppleta</em></strong></span> <span class='ocrx_word' id='word_1_322' title='bbox 401 4245 462 4303; x_wconf 82' lang='lat' dir='ltr'><strong><em>est.</em></strong></span> 
     </span>
    </p>

    <p class='ocr_par' dir='ltr' id='par_1_6' title="bbox 316 4340 1362 4432">
     <span class='ocr_line' id='line_1_38' title="bbox 316 4340 1362 4432; baseline 0.007 -27"><span class='ocrx_word' id='word_1_323' title='bbox 316 4340 410 4406; x_wconf 75' lang='lat' dir='ltr'><strong><em>Corn.</em></strong></span> <span class='ocrx_word' id='word_1_324' title='bbox 429 4342 483 4424; x_wconf 88' lang='lat' dir='ltr'><strong><em>IV,</em></strong></span> <span class='ocrx_word' id='word_1_325' title='bbox 503 4346 553 4424; x_wconf 89' lang='grc'><strong><em>29,</em></strong></span> <span class='ocrx_word' id='word_1_326' title='bbox 575 4347 627 4408; x_wconf 85' lang='grc'><strong><em>39.</em></strong></span> <span class='ocrx_word' id='word_1_327' title='bbox 683 4345 841 4429; x_wconf 84' lang='lat' dir='ltr'><strong><em>Impouite</em></strong></span> <span class='ocrx_word' id='word_1_328' title='bbox 870 4345 903 4407; x_wconf 90' lang='lat' dir='ltr'><strong><em>iu</em></strong></span> <span class='ocrx_word' id='word_1_329' title='bbox 931 4366 980 4407; x_wconf 86' lang='lat' dir='ltr'><strong><em>rue</em></strong></span> <span class='ocrx_word' id='word_1_330' title='bbox 1009 4345 1177 4429; x_wconf 83' lang='lat' dir='ltr'><strong><em>quidlibet,</em></strong></span> <span class='ocrx_word' id='word_1_331' title='bbox 1210 4346 1362 4432; x_wconf 81' lang='lat' dir='ltr'><strong><em>quidlibet</em></strong></span> 
     </span>
    </p>
   </div>
   <div class='ocr_carea' id='block_1_4' title="bbox 0 0 1682 5156">
    <p class='ocr_par' dir='ltr' id='par_1_7' title="bbox 0 0 1682 5156">
     <span class='ocr_line' id='line_1_39' title="bbox 0 0 1682 5156; baseline 0 1"><span class='ocrx_word' id='word_1_332' title='bbox 0 0 1682 5156; x_wconf 95' lang='lat' dir='ltr'><strong><em> </em></strong></span> 
     </span>
    </p>
   </div>
  </div>
 </body>
</html>
