3356 5156
315 437 356 498 es
394 509 397 518 ,
749 465 791 478 -
840 431 924 511 [sor]
972 465 1014 475 -

317 620 489 704 scriptores
512 637 642 704 prorsus
663 618 834 696 evitarunt,
860 624 966 682 tamen
981 616 1067 681 intra
1082 621 1238 682 cenarum
1253 614 1453 698 quarundam

315 721 510 788 locutionum
533 721 613 788 fines
636 720 864 802 substiterunt,
896 719 985 786 velut
1006 741 1128 796 retum,
1161 719 1252 802 requi
1271 718 1376 801 potiri
1401 718 1452 798 (ei.

316 825 381 891 Cic.
415 827 511 891 Rosc.
544 825 615 890 Aur.
644 827 694 906 25,
720 826 759 887 lo
783 822 1033 906 prudentissima
1061 821 1171 886 civitas
1200 821 1452 903 Atheniensium,

315 930 389 992 dum
413 952 450 994 ea
464 947 570 992 rerum
587 926 724 1009 potita¹)
752 935 808 1006 est,
824 926 935 1012 fuisse
952 925 1113 1008 traditur).
1152 924 1221 990 Nec
1236 924 1342 989 minus
1358 924 1455 990 tertia

315 1031 373 1096 illa
401 1030 488 1115 apud
511 1027 714 1096 Cornificium
743 1035 873 1094 exstare
900 1027 1015 1094 dicitur
1044 1026 1236 1092 constructio
1257 1026 1313 1108 IV,
1341 1031 1393 1109 54,
1413 1027 1456 1090 68

316 1134 423 1198 statiua
434 1133 558 1216 potitur
574 1133 688 1216 Abydo
698 1132 736 1216 ²).
776 1131 889 1215 Itaque
906 1149 976 1195 cum
993 1128 1080 1215 apud
1096 1128 1298 1196 Comifieium
1313 1135 1379 1194 tres
1394 1148 1456 1213 pa·
1548 1119 1554 1130 '

316 1236 393 1301 riter
405 1241 582 1302 structurae
594 1234 646 1300 vel
660 1234 775 1300 saltem
786 1233 869 1300 duae
881 1232 1038 1318 permixte
1051 1231 1274 1314 adhibeantur,
1287 1230 1459 1315 exprioris

318 1337 475 1406 sermonis
497 1336 589 1421 copia
610 1336 741 1402 arbitrio
770 1337 823 1402 vel
852 1335 970 1402 iudicio
1000 1355 1107 1402 eorum
1138 1335 1191 1418 qui
1222 1335 1351 1401 saeculo
1379 1340 1457 1399 ante

318 1441 393 1509 cur.
413 1440 566 1525 aprime
587 1439 818 1525 perpoliendae
840 1439 975 1523 linguae¹
993 1458 1122 1524 operam
1138 1439 1310 1520 navabant,
1337 1457 1460 1520 magna

318 1553 387 1610 orta
409 1550 458 1610 est
480 1543 600 1627 inopia.
1438 1606 1443 1614 ,

404 1645 502 1712 Verbi
520 1645 713 1729 persuadere
735 1644 874 1710 activum
897 1664 937 1712 ex
959 1644 1086 1728 priscae
1108 1644 1223 1709 aetatis
1246 1643 1459 1729 scriptoribus

319 1749 443 1814 Ennius
475 1768 546 1814 cum
575 1746 758 1814 accusativo
788 1747 952 1814 coniunxit
988 1747 1027 1812 fr.
1054 1747 1115 1812 inc.
1141 1746 1214 1812 libr.
1239 1751 1258 1809 4
1282 1748 1310 1811 V
1333 1733 1403 1831 quis
1428 1754 1459 1809 te

315 1851 489 1935 persuasit.
536 1851 625 1916 Haec
647 1850 840 1916 constructio
861 1849 895 1914 in
918 1869 1017 1916 aurea
1039 1849 1199 1916 latinitate
1224 1869 1381 1932 nusquam
1404 1868 1461 1915 oc-

320 1954 437 2030 currit;
463 1973 505 2019 ex
526 1971 643 2038 prosae
666 1953 819 2020 orationis
842 1953 1023 2019 auctoribus
1053 1952 1222 2038 participio
1252 1951 1334 2037 perf.
1366 1971 1455 2036 pass.

314 2075 489 2139 persuasus
516 2054 558 2139 (h.
584 2075 614 2120 e.
639 2055 667 2120 is
689 2056 741 2119 eui
755 2077 945 2138 persuasam
967 2064 1023 2134 est,
1051 2055 1107 2139 qui
1127 2075 1313 2138 persaeusum
1335 2054 1465 2139 aliquid

321 2158 438 2243 iubet),
465 2158 516 2224 usi
539 2164 613 2224 sunt
634 2158 684 2222 hi:
712 2158 806 2223 Corn.
824 2159 850 2240 l,
868 2162 908 2240 ’6,
928 2161 948 2222 9
971 2179 1041 2222 meu
1063 2157 1186 2222 unimus
1208 2155 1362 2222 auditoris
1378 2177 1460 2239 per-

321 2283 432 2326 suasus
448 2283 514 2328 asse
529 2261 663 2340 uidetur,
691 2263 720 2343 6,
743 2265 781 2325 10
805 2261 835 2324 at'
845 2283 1019 2343 persuasus
1034 2260 1160 2324 auditor
1171 2259 1297 2345 suerit3
1325 2258 1459 2328 cassin.

322 2384 375 2448 ap.
402 2363 469 2430 uic.
495 2364 571 2429 fam.
598 2367 628 2446 b,
650 2366 718 2446 7,2
748 2363 778 2426 si
797 2363 856 2426 scit
878 2372 908 2428 et
928 2385 1098 2446 persuasus
1120 2372 1183 2442 est3
1217 2369 1302 2429 auct.
1329 2363 1361 2427 b.
1386 2360 1459 2426 As.

324 2472 363 2530 55
391 2467 598 2550 Caesarisque
619 2466 741 2530 nomiae
764 2465 922 2548 persuasi.
970 2467 1020 2532 Ex
1049 2465 1100 2532 his
1127 2466 1225 2550 igitur
1253 2464 1463 2549 scriptoribus

322 2585 405 2634 unus
428 2587 466 2634 eo
488 2567 593 2634 floruit
622 2575 781 2653 tempore,
813 2589 876 2651 quo
908 2587 1011 2635 sermo
1039 2570 1180 2635 urbanus
1209 2568 1350 2642 nondum
1380 2567 1463 2634 setis

323 2676 391 2734 erat
413 2670 569 2750 excultus,
595 2671 677 2736 alter
693 2670 856 2738 Ciceronis
872 2672 1091 2738 auctoritatem
1111 2691 1175 2737 uon
1190 2669 1317 2737 videtur
1331 2677 1465 2736 secutus

323 2791 404 2853 esse,
431 2771 544 2844 tertius
566 2773 694 2857 plebeio
716 2785 795 2840 usus
811 2781 861 2840 est
875 2793 1031 2841 sermone.
1071 2774 1166 2858 Apud
1182 2773 1369 2840 Ciceronem
1384 2773 1461 2838 olitn
1534 2847 1536 2852 ,

324 2881 484 2942 structura
505 2875 563 2942 illa
586 2877 685 2942 semel
708 2877 875 2960 legebatur
896 2877 989 2945 Tull..
1007 2882 1057 2957 le,
1077 2879 1117 2942 39
1140 2876 1366 2960 recuperatores
1382 2899 1462 2960 per-

323 2979 482 3058 suaderes,
508 2998 600 3062 quem
623 2980 727 3044 locum
751 2979 897 3062 equidem
914 2979 1062 3046 Beierum
1085 2986 1171 3045 recte
1194 2977 1385 3045 emendasse
1407 2998 1462 3043 ar-

324 3080 432 3164 bitror,
458 3101 530 3150 cum
553 3081 705 3148 scriberet
727 3081 989 3165 cooperatoribus
1010 3083 1229 3166 persuaderes.
1276 3081 1461 3148 Ciceronem

325 3185 410 3252 enim
433 3183 531 3251 etiam
553 3183 721 3269 participio
742 3185 823 3270 perf.
849 3205 938 3270 pass.
962 3185 1059 3269 idque
1080 3184 1115 3250 in
1136 3185 1208 3270 ipso
1231 3184 1337 3269 priore
1355 3184 1397 3250 de
1411 3185 1466 3248 in-

325 3285 474 3353 ventione
497 3287 579 3354 libro
601 3286 641 3354 de
664 3287 824 3356 industria
845 3308 975 3373 prorsus
997 3288 1194 3354 abstinuisse
1210 3289 1387 3354 luculenter
1402 3307 1463 3371 ap·

326 3397 418 3474 paret
440 3409 481 3456 ex
503 3390 572 3457 loco
594 3390 660 3458 inv.
685 3392 712 3474 Ι,
742 3396 791 3473 17,
812 3395 853 3456 23
875 3393 905 3456 si
927 3429 964 3438 -
990 3394 1030 3456 ab
1053 3391 1103 3471 iis,
1130 3390 1187 3476 qui
1206 3399 1279 3456 aute
1301 3389 1464 3466 duuuut,

329 3527 366 3538 α
392 3492 533 3556 auditori
547 3514 738 3575 persuasum
761 3494 883 3558 uidetur
905 3494 1064 3560 cumillis
1088 3492 1247 3559 cornificii
1275 3493 1354 3559 locis
1371 3509 1466 3558 ‘com-

327 3599 449 3678 parato.
480 3629 516 3646 -
540 3594 678 3677 Reliqua
700 3597 861 3680 exempla,
888 3595 1002 3679 quibus
1020 3597 1215 3679 persuadere
1230 3595 1467 3662 constructione

327 3695 498 3762 transitiva
529 3695 705 3780 profertur,
746 3717 818 3763 cum
852 3703 1000 3764 accurate
1035 3697 1255 3781 congesserint
1288 3698 1377 3763 Neue
1410 3697 1466 3760 112

401 3901 417 3963 ¹)
439 3899 482 3956 De
500 3915 534 3956 ee
553 3915 635 3971 quam
653 3901 780 3972 potiendi
790 3903 906 3960 verbum
924 3901 977 3958 boc
996 3903 1058 3960 loco
1076 3902 1162 3958 habet
1180 3900 1385 3970 significatione
1404 3899 1465 3954 vid.

329 3985 469 4044 uantum
488 3987 524 4042 ad
543 3987 570 4041 h.
591 3988 623 4050 l.;
644 3987 783 4044 Heraeum
801 3989 837 4044 ad
855 3988 922 4044 Tac.
943 3988 1008 4044 hist.
1031 3990 1055 4054 3,
1073 3991 1114 4040 74.

361 4129 363 4135 k
398 4071 415 4134 2)
438 4069 495 4127 Sed
513 4087 574 4126 cum
592 4073 689 4140 optimi
709 4073 821 4130 codices
839 4073 892 4129 boc
909 4075 971 4130 loco
988 4073 1142 4144 praebeant
1157 4074 1288 4127 obeditum
1300 4075 1334 4141 p¹
1347 4091 1376 4137 π,
1397 4071 1466 4124 adu·

330 4155 407 4209 bitem
426 4155 479 4221 he,
501 4153 620 4211 fortasse
638 4158 841 4212 restituendum
859 4164 902 4213 est
920 4159 1019 4228 Abydi.
1038 4159 1100 4211 item
1113 4177 1169 4228 sqq.
1195 4157 1277 4226 (quod
1290 4157 1350 4212 fere
1362 4157 1467 4215 habent

330 4241 379 4296 bl²
396 4256 411 4295 c
422 4255 461 4309 gp.
500 4239 580 4304 Quod
599 4242 622 4295 sl
641 4249 716 4297 recte
734 4243 853 4308 conieci,
874 4243 954 4299 deest
977 4243 1052 4313 apud
1077 4241 1256 4298 Cornificium
1280 4243 1364 4298 tertia
1387 4241 1468 4296 verbi

326 4325 414 4395 potiri
431 4332 579 4392 structura,
601 4343 656 4397 qua
674 4343 735 4382 cunr
755 4329 880 4384 ablativo
899 4330 1085 4399 coniungitur.
