3356 5156
621 360 625 368 ’
669 409 712 417 -
759 372 841 454 [ooo]
890 408 933 418 -
1328 368 1368 430 aa

317 558 359 622 At
381 579 444 624 uon
466 557 594 624 videtur
615 559 821 642 pleonasmus
850 562 956 624 inesse
984 557 1019 621 in
1048 556 1156 624 verbis
1187 555 1252 622 his:
1295 555 1364 622 Cio.

229 662 326 726 Rosc.
344 661 417 726 Am.
439 664 488 741 18,
509 665 546 723 51
573 661 735 725 55555551
755 661 947 724 assiduas
970 681 1125 742 seraper·
1147 658 1273 735 5155551,
1299 658 1364 723 vid.

228 763 391 828 Halmium
414 764 456 829 ad
478 763 510 830 h.
530 764 552 827 l.
579 770 611 830 et
633 763 760 831 51015.
786 763 826 830 de
842 784 887 830 or.
907 767 938 846 2,
958 765 1010 840 39,
1032 765 1092 827 162
1117 763 1240 826 tradam
1262 761 1368 825 assi-

228 866 331 928 duas
353 887 414 929 555
438 887 529 948 opere
545 867 675 932 55551555
689 865 831 932 incudem
854 865 955 930 diem
977 873 1210 948 noctemque
1235 863 1366 952 tanden-

230 967 327 1046 tibas3
353 967 424 1034 Liv.
451 970 502 1052 34,
523 972 552 1051 9,
573 974 591 1033 5
615 969 703 1033 cuias
726 969 918 1036 assiduas
940 977 1042 1034 castos
1064 989 1221 1050 semper
1252 965 1367 1052 aliquis
1427 991 1430 1000 .

227 1092 267 1134 55
297 1071 533 1156 magistratibus
562 1080 631 1136 erat
660 1077 692 1138 et
721 1071 950 1138 Weissenborn
980 1070 1023 1138 ad
1054 1070 1086 1137 h.
1120 1071 1142 1133 l.
1181 1067 1368 1152 (comparari
1397 1144 1400 1150 ¹

227 1179 335 1258 potest
356 1173 560 1241 Homericum
581 1173 661 1240 illud
685 1173 824 1257 ἐμμενὲς
847 1173 940 1258 αἰεί).

314 1276 410 1360 Apud
433 1277 554 1361 priscos
577 1277 749 1360 scriptores
772 1277 907 1358 latinos,
939 1275 1086 1359 inprimis
1108 1273 1195 1359 apud
1216 1273 1366 1338 Plautum

225 1385 259 1446 et
275 1379 471 1460 Terentium,
498 1379 541 1445 ad
562 1380 661 1445 verba
684 1399 735 1456 ea,
760 1399 843 1461 quac
865 1379 1022 1446 actionem
1045 1377 1186 1459 aliquam
1209 1376 1309 1443 animi
1331 1382 1366 1442 ut

225 1479 387 1563 capitanii
407 1481 618 1565 inoestiqandi
638 1480 830 1566 exprimunt,
857 1481 1048 1565 aliquotiens
1071 1478 1199 1547 additur
1216 1479 1288 1562 ipsa
1302 1499 1366 1544 vox

114 1658 126 1668 „
225 1581 351 1648 animus
373 1602 411 1649 eo
434 1603 496 1665 quo
518 1602 604 1668 opus⁸
621 1591 670 1650 est
693 1604 772 1650 casu
793 1586 936 1669 prolata,
969 1603 1031 1666 quo
1060 1581 1232 1648 dilucidius
1263 1601 1364 1666 appa-

191 1703 192 1706 ’
226 1691 297 1750 reat
324 1686 491 1751 verborum
520 1686 787 1769 significationem
816 1688 858 1754 ad
887 1687 1029 1752 animum
1058 1684 1249 1751 translatam
1279 1703 1362 1750 esse.

225 1789 332 1870 Atque
354 1807 395 1854 ex
417 1788 531 1854 Plauto
553 1794 586 1855 et
607 1789 758 1856 Terentio
781 1789 911 1857 enotavi
934 1791 1082 1873 exempla
1104 1789 1200 1855 haec:
1227 1786 1365 1871 ospitare

223 1913 296 1956 cane
325 1891 428 1956 55555
457 1913 511 1955 sao
541 1891 590 1958 Pl.
622 1892 715 1958 Most.
741 1894 771 1974 3,
791 1894 823 1972 2,
845 1896 899 1972 13;
933 1892 1007 1958 Ter.
1032 1890 1169 1975 Adelph.
1202 1893 1231 1975 3,
1251 1895 1281 1972 4,
1302 1894 1361 1968 55;

224 1992 419 2077 capitaneis
442 1993 545 2056 animo
567 1993 643 2058 Ter.
667 1994 808 2079 Adelph.
837 2000 865 2076 1,
888 2002 915 2072 1,
936 1999 966 2059 5.
993 2000 1023 2074 5,
1044 1996 1073 2074 3,
1094 1996 1150 2071 32,
1177 1992 1364 2077 inoestipare

222 2118 295 2160 cnm
317 2096 421 2160 animo
437 2097 485 2162 Pl.
503 2097 578 2162 Aul.
597 2101 628 2177 4,
648 2100 680 2173 3,
699 2099 737 2176 33
763 2099 960 2162 considerare
982 2119 1084 2162 secam
1106 2096 1139 2160 in
1161 2095 1266 2160 555555
1285 2097 1360 2161 Ter.

223 2199 341 2266 Heaut.
369 2203 398 2281 2,
418 2204 449 2279 4,
469 2203 500 2262 5.
548 2198 613 2265 Sed
635 2196 723 2283 apud
744 2199 930 2266 Ciceronem
953 2219 1078 2282 quoque
1100 2197 1278 2264 locutiones
1301 2198 1363 2264 hae

223 2308 257 2368 et
287 2301 337 2368 his
368 2301 488 2368 similes
518 2303 683 2386 leguntur3
721 2301 871 2385 exempla
900 2321 982 2384 quae
1011 2301 1150 2366 maxime
1178 2299 1364 2367 viderentur

223 2402 445 2472 memorabilia
468 2403 613 2486 excerpsi
635 2402 735 2470 haec:
776 2405 867 2469 Verr.
892 2404 940 2484 ΙΙ,
968 2407 999 2482 3,
1027 2406 1083 2483 12,
1104 2405 1145 2466 29
1169 2403 1364 2468 coanimata

222 2527 294 2570 cnm
317 2505 429 2570 cestris
451 2505 564 2570 animis
587 2515 705 2571 5555551
718 2506 792 2589 a'psi,
818 2528 941 2590 ecquem
960 2505 1079 2589 patetis
1102 2515 1179 2584 etc.;
1205 2507 1296 2571 Verr.
1316 2507 1358 2589 Π,

223 2612 255 2690 3,
275 2613 327 2690 41,
347 2611 387 2672 at
417 2607 462 2672 sic
492 2608 633 2672 habuisti
659 2618 811 2676 statutam
841 2631 911 2674 5555
939 2609 1042 2674 55555
1072 2632 1109 2673 55
1137 2608 1357 2690 deliberatum

222 2710 422 2792 (11555125,
444 2714 483 2774 70
506 2711 583 2774 5555
597 2713 786 2797 —faciiias
809 2711 953 2790 credetis,
979 2711 1008 2774 si
1028 2733 1097 2774 5555
1119 2710 1233 2776 animis
1249 2711 1359 2776 5551555

219 2813 314 2896 15555
336 2812 503 2877 intervallo
525 2814 689 2877 recordari
713 2817 748 2878 Ο.
767 2813 893 2880 Staieni
913 2813 1010 2878 citant
1032 2821 1062 2880 51
1084 2821 1232 2878 naturam
1255 2814 1361 2878 coine-

221 2913 313 2993 iitis;
346 2916 411 2998 leg.
437 2935 505 2996 agr.
532 2923 561 2995 2,
582 2920 634 2998 24,
654 2921 693 2981 64
718 2939 771 2980 uos
795 2927 898 2982 tamen
928 2915 964 2979 id
984 2916 1118 2998 potestis
1147 2937 1216 2980 cum
1246 2915 1360 2978 animis

221 3015 336 3080 cestris
358 3017 497 3098 copitare
525 3017 690 3101 (ct-Rosa
716 3019 789 3085 Am.
808 3022 859 3099 24,
881 3021 920 3082 67
944 3041 1018 3082 snae
1039 3018 1143 3081 maiae
1157 3017 1360 3103 capitationes

220 3117 487 3201 conscientiaeque
516 3118 616 3183 animi
645 3123 788 3204 1555551).
835 3121 905 3186 Η55
933 3120 1015 3185 illud
1044 3139 1169 3202 quoque
1197 3119 1358 3203 pertinere
1391 3153 1397 3163 ·

220 3220 365 3304 arbitror,
392 3222 479 3303 quod
502 3221 550 3287 bis
573 3222 691 3306 legitur
712 3224 746 3288 in
769 3222 875 3308 priore
895 3223 935 3288 de
950 3222 1135 3288 inventione
1151 3221 1232 3286 libro
1255 3221 1358 3286 anima

218 3323 395 3408 coniiqerc:
420 3326 449 3402 Ι,
470 3329 497 3406 1,
520 3330 534 3387 1
560 3347 629 3390 cam
652 3335 683 3390 et
704 3333 830 3390 nostrae
851 3325 900 3389 rei
916 3324 1063 3407 publicae
1084 3324 1270 3389 detrimento
1285 3347 1359 3394 eon-

217 3427 323 3490 sidero
346 3435 377 3492 et
398 3427 607 3491 maximarum
630 3427 792 3494 civitatum
816 3436 932 3492 5515555
954 3427 1057 3491 animo
1073 3427 1268 3492 calamitates
1283 3451 1359 3492 con-

219 3530 300 3614 lipo;
332 3532 364 3612 1,
390 3535 442 3613 28,
462 3534 505 3594 42-
525 3539 562 3594 51
583 3532 740 3595 55555555
767 3530 846 3615 qnid
874 3539 1054 3594 5555155555
1082 3530 1125 3594 sit
1147 3539 1220 3594 5515
1249 3531 1352 3619 animo

218 3633 340 3714 coniipi
354 3633 469 3716 possit.
517 3633 621 3699 Simili
644 3634 737 3698 modo
761 3633 872 3698 Cicero
899 3631 950 3697 bis
972 3632 1053 3697 dixit
1074 3632 1275 3697 5555155155
1299 3653 1357 3716 pro

218 3734 358 3818 simplici
386 3735 486 3798 ratio:
523 3735 589 3800 inv.
614 3737 648 3817 1,
680 3739 749 3817 1,1
783 3733 995 3798 sanctissimus
1026 3733 1180 3798 amicitias
1209 3733 1356 3818 inteliepo

216 3857 290 3899 cam
313 3835 413 3900 animi
432 3837 553 3901 ratione
577 3846 641 3901 tam
654 3837 794 3922 facilins
817 3835 992 3919 eloquentia
1015 3843 1230 3919 comparatas;
1263 3836 1307 3901 ib.
1327 3837 1353 3917 Ι,

218 3941 289 4018 2,2
313 3938 512 4002 secretione
537 3939 637 4002 animi
664 3940 846 4023 quicquam,
879 3940 936 4002 sed
960 3940 1112 4021 pleraque
1139 3937 1258 4003 uiribus
1286 3962 1356 4003 cor-

212 4041 304 4124 poris
327 4040 600 4105 administrabant.

304 4143 409 4227 Saepe
433 4142 475 4208 ad
497 4163 672 4228 pronomen
694 4143 879 4224 relativum,
913 4149 948 4210 ut
978 4144 1103 4228 plenior
1132 4150 1164 4210 et
1185 4144 1356 4209 dilucidior

214 4242 273 4308 fiat
295 4245 405 4324 oratio,
431 4245 543 4310 iterum
568 4244 696 4311 additur
714 4266 830 4311 nomen
844 4245 925 4311 illud
941 4245 1187 4326 substantivum,
1213 4245 1254 4308 ad
1270 4243 1355 4327 quod
