3356 5156
330 427 371 488 11
767 465 809 474 -
857 430 941 510 rese]
988 465 1032 474 -
1141 443 1146 450 ·

331 619 360 696 3,
387 617 416 694 8,
444 617 481 690 33
519 614 561 677 51.
586 612 750 677 Woelfflin
781 614 801 676 l.
829 615 852 678 l.
885 634 960 696 pag.
982 618 1052 679 113.
1107 616 1224 681 Postea
1247 615 1357 682 Cicero
1387 616 1465 684 dicit

319 718 412 806 socie
427 716 541 780 iniuste
556 716 664 780 Flauo.
682 718 731 797 17,
747 720 798 779 41.
839 716 1117 802 Iniuriamfacere
1132 738 1231 803 saepe
1246 720 1337 786 aiunt
1350 727 1464 804 poetae

330 819 443 888 comici
465 818 571 905 prisci,
597 837 771 900 numquam
794 819 909 882 iniuste
920 821 1048 904 faeere.

416 925 438 1006 a)
466 925 606 986 Poenam
627 942 749 984 sumne
771 923 872 988 semel
895 921 1025 988 admisit
1047 922 1244 988 6155151111.
1266 924 1308 1004 11,
1329 925 1380 1005 36,
1404 929 1462 990 108

327 1049 387 1110 pro
410 1024 562 1108 maleficio
579 1045 716 1106 poenam
738 1023 821 1088 sumi
846 1033 1004 1107 oportere;
1045 1025 1120 1090 item
1145 1025 1306 1108 Vergilius
1329 1027 1410 1092 Aen.
1430 1031 1459 1110 2,

332 1133 393 1195 585
417 1149 465 1211 sq.
513 1129 630 1192 Postea
647 1127 760 1192 Cicero
782 1127 827 1193 ait
849 1127 1037 1212 supplicium
1059 1149 1180 1193 summe
1203 1136 1235 1194 et
1256 1128 1391 1196 similia:
1419 1130 1459 1195 cf.
1515 1120 1521 1128 ’

330 1231 493 1299 Antibarb.
519 1249 596 1314 pag.
618 1234 710 1293 11111.

416 1337 438 1418 el,
465 1336 507 1398 In
530 1333 670 1397 ordinem
698 1333 840 1418 radipere
867 1333 991 1418 air'quid
1018 1333 1146 1418 scripsit
1172 1333 1268 1399 Corn.
1293 1333 1350 1414 III,
1370 1338 1400 1398 9.
1425 1339 1462 1399 16

330 1438 476 1526 quoniam
498 1434 660 1518 dispositio
683 1443 738 1515 cet,
763 1457 823 1518 per
845 1457 938 1520 quom
960 1436 1030 1513 iliu,
1055 1459 1134 1521 quae
1156 1436 1335 1517 invenimus,
1361 1436 1395 1500 in
1411 1461 1464 1502 or-

330 1544 433 1606 dinem
454 1538 625 1623 redipimue
654 1547 726 1616 ete,
758 1557 821 1620 quo
844 1539 913 1605 loeo
940 1539 974 1602 in
1002 1540 1142 1602 ordinem
1171 1539 1313 1622 radipere
1342 1540 1464 1624 aliquid

328 1646 414 1712 idem
443 1643 510 1708 iere
540 1639 701 1724 significet
728 1639 814 1722 quod
844 1639 992 1705 ordinare
1020 1641 1145 1726 aliquid
1152 1662 1158 1720 ;
1199 1641 1334 1708 eandem
1367 1642 1463 1711 hebet

328 1748 488 1815 notionem
511 1742 598 1829 apud
612 1741 747 1821 Quintil.
766 1745 796 1823 6,
817 1747 846 1824 3,
866 1747 897 1807 9.
945 1743 1262 1810 Commemorandum
1284 1753 1391 1812 autem
1414 1755 1465 1814 est

328 1851 422 1916 huius
438 1846 606 1914 locutionis
620 1844 686 1909 vim
700 1845 887 1929 plerumque
902 1845 999 1911 aliam
1014 1865 1098 1926 esse,
1123 1868 1188 1930 qua
1202 1846 1361 1932 exprimat
1377 1849 1461 1918 idem

329 1954 396 2020 sere
407 1950 493 2034 quod
504 1950 536 2013 in
549 1948 688 2013 ordinem
699 1967 807 2033 cepere
818 1948 954 2033 aliquem
964 1949 1016 2014 vel
1028 1948 1159 2032 aliquid,
1174 1950 1263 2015 velut
1274 1949 1359 2034 apud
1370 1951 1458 2018 Suet.

330 2055 428 2139 Vesp.
457 2058 512 2116 15:
554 2051 637 2117 Plin.
663 2071 714 2136 ep.
740 2054 769 2132 2,
795 2054 824 2132 6,
851 2057 966 2132 5515,
1007 2051 1049 2115 cf.
1080 2051 1247 2117 Antibarh.
1285 2073 1359 2136 pag.
1386 2059 1458 2121 stu.

329 2158 450 2238 Cicero,
488 2177 508 2220 5
537 2174 599 2237 quo
627 2154 660 2217 in
690 2153 830 2218 ordinem
862 2153 1005 2236 radipere
1037 2153 1161 2238 aliquid
1190 2173 1348 2237 nusquam
1378 2159 1462 2240 quod

328 2261 428 2328 sciam
450 2259 628 2337 adhibetur,
663 2265 698 2322 ut
721 2275 851 2323 sensum
874 2256 1032 2341 exprimat
1061 2257 1155 2322 huius
1183 2257 1310 2324 dicendi
1339 2260 1461 2326 sormu—
1505 2290 1508 2299 s

328 2366 389 2444 lae,
421 2363 495 2428 aliis
522 2361 621 2426 utitur
643 2359 748 2426 verbis
776 2360 828 2425 vel
858 2359 1089 2425 locutionibus:
1130 2360 1278 2424 ordinere
1307 2363 1462 2445 explicare
1577 2384 1580 2390 ·

327 2466 460 2551 aliquid,
485 2486 535 2527 res
557 2463 590 2526 in
612 2461 752 2526 ordinem
774 2463 937 2540 adducere,
964 2461 1132 2528 similibus.

412 2567 535 2633 Eadem
558 2565 689 2645 ratione,
722 2584 786 2646 qua
807 2563 843 2628 in
865 2563 981 2643 verbis,
1016 2564 1128 2631 Cicero
1151 2584 1228 2631 usus
1251 2573 1301 2632 est
1325 2567 1359 2632 in
1381 2572 1460 2634 eub-

326 2669 471 2735 etantiois
494 2666 661 2751 eligendis,
695 2673 730 2730 ut
758 2685 829 2730 cum
852 2665 914 2731 duo
941 2665 1193 2751 deprehenderet
1223 2666 1353 2734 nomin'a
1383 2673 1459 2737 sub·

328 2772 468 2838 stantius
500 2769 585 2835 idem
619 2768 853 2852 significantia,
894 2789 991 2853 saepe
1020 2789 1117 2834 unum
1151 2769 1267 2835 reiecto
1296 2773 1397 2838 altero
1426 2775 1460 2839 in

327 2895 420 2941 usum
443 2893 536 2939 suum
559 2878 766 2938 converteret.
816 2871 974 2956 Exempla
997 2871 1161 2938 afferimus
1183 2874 1279 2939 haec:

414 2979 437 3055 1]
472 2974 673 3038 Vehementia
696 2973 789 3039 05111.
816 2974 871 3053 IV,
898 2976 946 3055 111,
967 2977 1007 3038 26
1041 2974 1124 3037 inter
1157 2975 1249 3040 leuius
1279 2979 1402 3061 pencris
1431 2988 1461 3043 et

326 3080 412 3144 illiue
442 3076 613 3160 superioria
642 3076 864 3140 vehementiam
897 3077 953 3139 lzoe
986 3076 1116 3141 intereat
1144 3087 1221 3156 eta,
1263 3081 1339 3146 item
1373 3082 1460 3166 apud

326 3183 407 3248 Plin.
435 3181 510 3246 mai.
565 3179 675 3245 Cicero
704 3186 738 3244 ut
773 3179 964 3263 exprimeret
995 3180 1091 3245 huius
1119 3181 1263 3246 vocabuli
1298 3183 1459 3248 notionem

325 3285 399 3350 51115
422 3301 500 3349 usus
523 3289 572 3348 551
594 3281 711 3362 1511115,
738 3282 826 3347 velut
848 3281 895 3345 oie
910 3283 1006 3346 ordor
1028 3283 1160 3367 impetus
1174 3284 1347 3346 acrimonia
1371 3285 1461 3348 simi·

327 3388 428 3464 libus;
456 3385 497 3450 51.
523 3384 688 3450 Antibarb.
714 3404 790 3468 pag.
813 3389 906 3450 1184.

411 3491 433 3572 a)
465 3486 693 3571 Consequentia
715 3486 809 3552 05111.
828 3489 881 3567 IV,
903 3491 953 3567 53,
978 3491 1017 3552 67
1048 3511 1084 3550 55
1109 3487 1322 3571 (sipnpioatio)
1333 3488 1382 3572 fit
1399 3511 1459 3572 per

326 3589 603 3675 exsuperationem,
630 3589 818 3673 omhipuum,
845 3589 1100 3673 consequentiam,
1128 3589 1342 3667 abscisionem,
1371 3592 1459 3655 sirni-

326 3695 505 3771 litudinera3
540 3697 591 3772 51,
612 3695 652 3757 67
671 3715 733 3774 per
754 3692 1002 3775 consequentiam
1023 3691 1210 3776 eipnpicatio
1233 3701 1289 3770 eet,
1319 3717 1388 3757 cum
1410 3717 1460 3758 ree

327 3819 405 3881 quae
427 3803 599 3879 sequuntur
621 3794 760 3879 aliquam
782 3816 849 3858 rem
864 3795 1025 3872 dicuntum
1051 3794 1130 3859 item
1145 3794 1256 3861 Cicero
1277 3797 1376 3862 semel
1399 3798 1460 3862 1155

325 3917 403 3964 voce
426 3916 505 3962 usus
528 3904 577 3962 est
592 3897 658 3962 div.
676 3898 709 3961 in
724 3898 820 3963 Caee.
842 3902 869 3976 1,
890 3901 930 3960 56
952 3898 1170 3981 consequentia
1185 3907 1374 3976 eventorum
1402 3898 1459 3964 sed

325 4006 438 4085 postea
453 3999 495 4065 ad
518 3999 760 4084 exprimendam
775 3999 869 4064 huius
885 3999 974 4065 vocis
990 3985 1258 4082 significationem
1276 4000 1382 4064 varias
1399 4000 1460 4064 ad·

324 4102 428 4168 hibuit
442 4102 593 4181 rationes,
612 4103 677 4168 vid.
696 4102 863 4168 Antibarb.
880 4124 956 4186 pag.
968 4107 1040 4166 274.
1071 4103 1317 4187 Consequenu'oe
1328 4103 1458 4167 verbum

324 4206 388 4289 legi
404 4206 503 4271 etiam
516 4205 602 4290 apud
616 4206 811 4287 Frontinum,
832 4204 982 4284 Gellium,
999 4204 1183 4282 Arnobium,
1198 4204 1455 4271 Iurisconsultus.

410 4312 431 4392 a)
454 4311 629 4392 Despectus
640 4331 705 4384 -rn,
720 4309 809 4373 euius
822 4305 1023 4382 substantivi,
1039 4306 1067 4370 si
1079 4306 1345 4390 contemptionem
1358 4307 1460 4391 signi-
