3356 5156
313 405 374 470 111
530 451 536 462 .
744 402 1009 489 -11111-

310 595 449 660 statuite.
497 593 593 660 Miror
623 615 688 677 qua
717 594 757 660 de
781 615 880 660 causa
902 596 1069 681 Kayserus
1092 617 1177 678 earn,
1211 616 1306 678 quam
1334 596 1445 681 optimi
1472 613 1473 616 ’

311 699 469 784 praebent
490 698 635 788 codices¹
668 699 836 764 lectionem
860 705 1050 784 aspernatus
1074 701 1133 764 sit:
1170 701 1321 784 impunite
1343 700 1376 763 in
1399 723 1446 763 me

311 801 464 886 quidlibet
495 802 624 867 statuite
658 802 820 886 (impunite
850 793 933 867 enirn
968 803 1121 868 exhibent-
1152 803 1282 888 primae
1305 803 1446 870 familiae

311 905 438 971 codices
461 925 581 990 omnes,
615 905 655 974 de
679 925 743 972 seo.
771 906 848 971 lam.
875 907 1027 989 Frising.,
1061 908 1128 972 Pal.
1149 912 1179 971 4.
1200 914 1230 989 6,
1257 907 1371 988 Bruil.‚
1406 907 1446 972 de

310 1015 382 1074 tert.
416 1009 493 1074 farn.
519 1010 612 1075 Voss.
635 1013 663 1090 1,
707 1009 747 1074 de
778 1007 870 1074 codd.
903 1009 992 1074 111111.
1026 1010 1105 1094 orig.
1139 1010 1275 1094 nugat
1305 1033 1348 1074 m.
1381 1031 1442 1095 pr„

311 1111 448 1194 Rhedig.
471 1116 498 1176 1.
517 1115 550 1192 23
578 1112 646 1178 rell.
665 1112 781 1195 partim
804 1112 953 1194 imponite
977 1114 1092 1196 partim
1115 1113 1252 1197 impune,
1277 1120 1444 1196 utrumque

311 1236 352 1281 ex
374 1213 525 1299 impunite
540 1217 747 1299 corruptum).
795 1213 989 1281 adverbium
1011 1222 1117 1302 autern
1140 1217 1292 1300 impunite
1319 1219 1371 1300 (2-
1386 1217 1445 1279 im-

305 1320 402 1402 pune)
429 1337 621 1401 quamquam
644 1338 750 1382 rarum
773 1325 838 1399 est,
871 1319 1033 1384 invenitur
1054 1325 1161 1384 tamen
1185 1319 1270 1403 apud
1294 1319 1361 1384 (lio.
1387 1319 1440 1383 fin.
1487 1305 1490 1314 ’

312 1426 342 1503 2,
358 1424 477 1504 rs,59;
496 1421 629 1487 Matium
645 1441 696 1504 ap.
716 1421 783 1487 011.
802 1421 879 1486 farn.
901 1426 950 1501 11,
971 1426 1023 1502 18,
1039 1424 1076 1502 33
1096 1422 1221 1488 Ennod.
1239 1420 1295 1488 vit.
1316 1423 1348 1488 S.
1368 1421 1446 1506 Epi-

311 1526 444 1611 phan.¹)
493 1524 619 1608 Optime
647 1530 752 1589 autem
784 1522 896 1588 referri
918 1523 1044 1589 videtur
1073 1525 1154 1589 illud
1175 1524 1326 1608 impunite
1348 1524 1390 1588 ad
1412 1524 1446 1589 id

313 1629 397 1711 quod
427 1626 589 1712 praecedit
610 1650 663 1692 aas
684 1649 733 1691 mc
754 1665 798 1674 -
820 1617 1052 1691 abutamini
1079 1628 1193 1694 licebit.
1241 1627 1446 1705 (1110111111-

306 1732 418 1816 punite
447 1729 611 1813 scribitur,
648 1750 711 1794 non
738 1749 817 1814 opus
848 1737 897 1794 est
926 1731 975 1794 bis
1009 1750 1127 1814 ponere
1157 1731 1319 1816 quidlibet,
1355 1731 1444 1816 ouius

313 1835 459 1902 lectionis
481 1834 515 1897 in
537 1853 600 1897 uno
624 1831 693 1898 eod.
720 1833 813 1899 Voss.
835 1836 863 1911 3,
897 1833 951 1915 qui
974 1834 1127 1917 praebeat
1150 1834 1296 1918 quiequid
1316 1833 1446 1918 quilibet

310 1937 405 2002 nimis
426 1937 581 2002 incertum
605 1941 712 2001 exstat
733 1935 917 2019 vestigium.

397 2041 492 2107 Corn.
511 2039 564 2120 IV,
585 2042 636 2121 33,
657 2043 709 2102 44.
757 2039 933 2103 Intelleetio
953 2048 1010 2117 est,
1036 2061 1104 2102 oum
1126 2063 1177 2103 res
1200 2047 1264 2104 tota
1284 2063 1384 2123 parua
1407 2042 1445 2103 de

306 2153 402 2229 ponte
423 2142 618 2228 eoqnoseitur
646 2151 702 2207 ant
725 2145 762 2206 de
786 2151 849 2206 toto
869 2163 958 2226 pars.
1006 2142 1078 2220 Qua
1101 2143 1140 2208 de
1164 2164 1263 2208 causa
1292 2165 1368 2228 pars
1392 2165 1441 2224 ea,

312 2248 396 2313 unde
418 2253 518 2312 totum
534 2246 743 2328 cognoscitur,
770 2267 870 2330 parva
885 2265 957 2311 esse
980 2246 1106 2327 debeat,
1134 2247 1283 2329 equidem
1307 2268 1370 2311 non
1392 2247 1443 2311 in-

311 2351 439 2434 tellego,
465 2369 536 2415 curn
559 2357 664 2416 utrum
685 2370 804 2433 magna
826 2371 867 2414 an
891 2371 993 2433 parva
1016 2349 1067 2430 sit,
1100 2350 1269 2415 dummodo
1293 2351 1334 2416 sit
1356 2371 1441 2435 pars,

310 2455 390 2520 nihil
418 2453 574 2520 interesse
606 2453 770 2533 videatur3
808 2454 941 2536 languet
968 2453 1067 2536 igitur
1095 2474 1157 2517 vox
1182 2475 1294 2536 parua.
1343 2455 1445 2519 Acce-

311 2559 358 2625 dit
387 2555 471 2641 quod
501 2556 625 2622 duobus
648 2557 793 2624 versibus
823 2563 909 2640 post,
948 2556 1002 2621 ubi
1033 2557 1079 2622 rei
1108 2557 1317 2622 illustrandae
1347 2577 1445 2622 carisa

311 2662 493 2746 exemplum
523 2661 675 2737 affertur,
712 2659 831 2742 legitur
858 2661 895 2722 de
926 2668 1020 2743 parte
1052 2668 1150 2722 totam
1178 2661 1223 2722 sio
1252 2661 1446 2743 intelleqitur

312 2765 430 2832 omissa
452 2781 532 2829 voce
555 2785 671 2845 parua.
718 2764 830 2846 ltaque
861 2762 940 2826 mihi
969 2762 1096 2844 quidem
1127 2761 1297 2828 delendum
1320 2764 1446 2829 videtur

305 2889 428 2951 pumen,
466 2865 584 2950 quippe
615 2863 699 2948 quod
729 2871 831 2931 ortum
863 2866 905 2930 sit
935 2885 975 2930 ex
1004 2864 1123 2948 duplici
1156 2865 1328 2950 scriptione
1356 2866 1444 2931 verbi

305 2979 411 3055 parte.

398 3072 494 3138 Oorn.
511 3072 566 3152 IV,
586 3076 640 3152 40,
658 3075 711 3136 52.
759 3073 849 3136 Inter
871 3073 952 3136 11111
975 3071 1156 3136 diuisionem
1179 3080 1210 3135 11
1231 3072 1333 3152 illam,
1366 3095 1445 3156 ¹quoe

312 3177 349 3241 de
367 3174 514 3259 partibas
537 3175 688 3240 orationis
712 3175 805 3239 tentia
828 3185 885 3256 est,
918 3175 975 3239 boe
997 3175 1144 3240 interest.-
1175 3175 1233 3239 illa
1255 3175 1368 3238 diuidit
1384 3197 1446 3258 per

312 3278 574 3345 enumerationem
596 3287 652 3344 aut
669 3300 730 3362 per
753 3278 982 3362 conpositionem,
1016 3279 1187 3364 quibusda
1210 3279 1302 3342 nebus
1324 3279 1357 3341 in
1382 3287 1446 3342 tota

313 3381 451 3447 oratione
482 3381 655 3464 disputatio
675 3383 797 3467 sutura
818 3382 860 3446 sit
882 3389 940 3445 ete.
994 3381 1134 3466 Exponit
1160 3381 1260 3464 igitur
1289 3381 1349 3446 hoo
1378 3382 1446 3446 loco

313 3483 509 3566 Cornificius,
536 3504 619 3565 quae
640 3485 822 3550 differentia
843 3484 1022 3550 intercedat
1044 3485 1126 3550 inter
1148 3484 1338 3549 divisionem
1361 3506 1442 3566 earn,

312 3609 392 3674 quae
415 3588 457 3653 sit
478 3606 555 3672 pars
577 3587 687 3668 aliqua
709 3587 806 3652 totius
830 3587 993 3671 orationis,
1020 3593 1052 3652 et
1074 3587 1175 3669 illam,
1206 3605 1288 3670 quae
1312 3608 1381 3652 oum
1406 3588 1447 3652 sit

313 3695 414 3778 ligura
435 3689 562 3755 dicendi
585 3690 637 3756 hic
660 3695 692 3754 et
713 3691 781 3756 illio
802 3691 939 3756 orationi
962 3691 1003 3756 sit
1025 3693 1184 3776 inspersa.
1232 3691 1318 3756 Dicit
1341 3698 1445 3756 autem

313 3799 353 3865 de
381 3794 485 3881 priore
507 3790 674 3859 divisionis
705 3813 839 3877 genere:
881 3794 938 3858 illa
961 3785 1074 3858 diuidit
1096 3817 1158 3878 pen
1186 3795 1445 3858 enumerationem

314 3909 369 3969 aut
385 3921 447 3984 per
468 3896 700 3980 expositionem,
725 3897 758 3961 h.
777 3917 806 3963 e.
833 3897 860 3962 si
884 3897 999 3980 quibus
1015 3897 1055 3963 de
1078 3899 1172 3962 rebus
1194 3917 1302 3963 sumus
1318 3897 1442 3977 dicturi,

314 4023 370 4074 oss
398 4009 454 4069 eut
482 3989 739 4066 enumerabimus
768 4006 824 4066 aut
853 4001 965 4082 quales
1000 4001 1063 4065 sint
1093 4020 1301 4084 exponemus.
1355 3999 1445 4077 Quod

314 4101 441 4180 orunino
473 4103 591 4168 falsum
621 4123 693 4170 esse
731 4105 829 4188 plane
857 4105 1058 4188 cognoscitur
1088 4124 1128 4168 ex
1157 4104 1237 4167 libro
1259 4104 1285 4186 Ι,
1318 4109 1365 4184 tt),
1393 4107 1442 4184 17,

378 4245 517 4258 ...-—-—--

384 4335 400 4372 11
423 4329 536 4386 Plautus
555 4331 714 4382 constanter
732 4327 801 4382 dicit
819 4329 928 4399 inpune,
948 4342 1083 4395 nusquam
1102 4325 1233 4397 inpunite.
