3356 5156
325 431 366 493 rs
760 468 803 478 -
852 435 935 514 irre]
982 469 1026 477 -

325 616 426 683 edidit
442 618 564 684 Cicero.
605 620 654 685 De
678 621 833 704 exemplis
850 620 1019 704 diligenter
1034 640 1054 685 a
1068 619 1266 702 Draegerol
1288 619 1305 702 b
1322 621 1361 682 39
1386 639 1464 684 een-

325 719 425 803 gestis
450 722 667 805 excerpsimus
690 743 748 799 ea,
773 703 855 805 quae
879 723 913 787 in
935 723 1002 789 illis
1024 722 1174 804 leguntur
1196 720 1301 800 libris,
1328 739 1463 802 quorum

328 823 502 908 praecipue
525 825 679 890 rationem
702 825 871 892 babemus:
899 825 966 890 Oie.
991 825 1057 890 inv.
1083 826 1108 905 1,
1136 826 1187 905 33,
1208 827 1247 887 55
1278 824 1309 887 ei
1329 825 1384 906 qui
1403 824 1466 888 sibi

326 947 364 989 ea
387 926 453 1010 depe
470 936 603 1009 praetor
626 939 826 1011 successerat,
850 919 896 1006 ΙΙ,
923 932 953 1008 2,
973 933 990 991 7
1016 928 1072 1012 qui
1091 936 1164 991 arete
1186 949 1218 990 se
1230 929 1372 1012 fueram
1398 927 1462 1006 (ubi

326 1035 434 1093 tamen
457 1051 489 1092 se
512 1030 679 1114 Kayserus
702 1031 798 1096 eiecit
821 1039 950 1096 secutus
973 1031 1161 1114 optimorum
1185 1029 1330 1095 eedisum
1345 1029 1464 1094 Herbi-

324 1131 459 1214 politani
481 1141 513 1197 et
536 1133 726 1199 Perisiensis
749 1155 863 1198 manus
886 1134 1032 1217 primas),
1059 1135 1151 1198 Rose.
1179 1133 1250 1196 Am.
1277 1135 1307 1210 2,
1331 1136 1350 1195 6
1373 1154 1463 1194 serri-

320 1235 434 1315 pulum
456 1236 565 1317 quise
592 1236 656 1299 dias
684 1247 847 1322 noctesque
876 1237 1019 1300 stimulat
1047 1259 1085 1299 ne
1107 1236 1234 1319 pungit.
1282 1234 1332 1299 Of.
1365 1235 1462 1300 etiarn

325 1335 448 1400 Lorenz
479 1343 511 1402 et
539 1338 616 1402 Brix
639 1338 681 1403 ad
704 1340 809 1404 Plauti
832 1339 899 1404 Mil.
929 1340 1007 1417 1823
1038 1338 1226 1422 Nipperdey
1249 1356 1357 1421 opuse.
1384 1357 1461 1420 pag.

329 1442 405 1515 1673
433 1439 598 1506 Hellmuth
611 1447 676 1532 aet.
696 1442 761 1506 Eri.
782 1444 797 1507 I
812 1462 887 1525 pag.
905 1444 983 1520 1313
1011 1440 1150 1506 Keehler
1164 1440 1243 1506 ibid.
1261 1441 1277 1504 1
1294 1459 1370 1523 pag.
1386 1445 1457 1503 445.

412 1543 656 1609 Pronominibus
678 1545 870 1624 indefinitis,
904 1565 1037 1628 quorum
1065 1545 1116 1610 vis
1142 1544 1247 1627 magis
1270 1545 1461 1627 preferatur,

325 1643 413 1709 haud
435 1646 482 1710 ita
504 1667 576 1712 raro
599 1647 675 1712 addi
690 1670 771 1711 ursus
790 1649 899 1713 multis
915 1648 1071 1733 exemplis
1088 1649 1272 1732 comprobat
1286 1648 1433 1730 Draeger
1448 1649 1464 1711 I

325 1750 342 1832 §
359 1752 411 1812 49.
452 1748 552 1826 Quem
575 1771 668 1816 usum
685 1771 876 1834 quemquam
892 1772 932 1817 ne
948 1749 1165 1836 probatissimi
1181 1750 1310 1832 quidem
1327 1751 1465 1834 seriptu-

325 1871 378 1915 res
401 1853 567 1935 aspernati
591 1860 675 1934 sunt,
700 1854 804 1937 magis
827 1861 936 1919 tamen
958 1854 1102 1936 vulgaris
1126 1854 1281 1919 sermonis
1302 1872 1374 1918 esse
1389 1874 1462 1937 pre-

326 1955 431 2038 prium
454 1955 526 2021 ideo
550 1956 646 2022 faeile
669 1957 748 2021 mihi
770 1957 959 2041 persuadeo,
987 1956 1071 2038 quod
1093 1957 1126 2020 in
1144 1956 1264 2038 linguis
1280 1957 1465 2021 Remanieie

326 2057 513 2139 pronomina
534 2058 703 2124 indefinita
724 2061 826 2124 multa
848 2081 919 2125 eum
941 2081 1021 2122 uuas
1052 2065 1126 2124 sunt
1149 2057 1342 2144 composita,
1376 2059 1467 2123 velut

327 2158 426 2224 trane.
442 2183 553 2230 uacua,
569 2162 691 2226 chama
702 2169 777 2242 ete,
792 2162 862 2227 ital.
877 2163 989 2226 alcano
1001 2167 1060 2226 ete.
1087 2161 1137 2226 De
1149 2160 1317 2226 Cornificio
1329 2159 1463 2245 petitum

328 2281 425 2326 unum
448 2263 540 2328 nubis
563 2272 690 2347 praesto
706 2272 756 2330 est
771 2265 952 2349 exemplum
972 2265 1015 2344 11,
1037 2267 1067 2344 8,
1091 2267 1128 2326 42
1152 2264 1252 2347 quivis
1267 2285 1346 2326 uum
1360 2263 1461 2326 bomo.

415 2367 494 2431 Cum
518 2368 724 2452 neglegentia
746 2369 883 2450 quadarn
902 2367 1014 2433 Oieero
1031 2366 1159 2451 scripsit
1180 2367 1245 2433 inv.
1267 2368 1309 2447 ΙΙ,
1329 2369 1380 2446 58,
1404 2370 1464 2428 174

327 2469 395 2531 utri
411 2470 610 2551 potissimum
633 2472 853 2534 consulendum
876 2471 918 2535 sit
939 2490 997 2554 pro
1025 2471 1093 2533 atri
1114 2470 1254 2552 potius..
1281 2470 1330 2535 Of.
1357 2476 1464 2534 tamen
1566 2493 1569 2496 ·
1667 2495 1669 2516 ⁴

328 2571 423 2635 Hand
439 2573 533 2637 Ture.
552 2573 596 2636 IV
611 2595 642 2656 p.
660 2576 733 2655 529,
752 2575 807 2656 qui
818 2574 1017 2664 potissimum
1032 2571 1197 2656 coniungit
1213 2593 1284 2639 eum
1301 2574 1465 2636 consulen-

329 2675 419 2752 dum3
445 2675 529 2756 qued
553 2694 664 2740 vereor
685 2696 726 2741 ne
749 2675 951 2742 artificiosius
974 2677 1017 2741 sit
1039 2676 1265 2758 excogitatum.
1315 2677 1465 2741 Ceterum

328 2776 439 2842 Cicero
461 2777 495 2840 in
518 2776 629 2842 eodem
652 2778 798 2856 librali,
824 2782 876 2855 49,
900 2783 958 2842 447
982 2779 1029 2843 ait
1050 2780 1094 2842 ud
1111 2779 1336 2861 abrumpentes
1351 2780 1460 2861 legem.

619 2969 623 2977 ¹
681 2900 751 2982 bri.
799 2900 855 2964 De
879 2898 1106 2964 adverbiis.

413 3001 582 3085 latapetra,
616 3003 706 3067 euius
735 3002 880 3068 adverbii
911 3022 987 3068 usus
1016 3001 1049 3066 in
1079 3001 1268 3067 eomieorunr
1299 3008 1464 3084 poetarum

328 3122 473 3169 sermone
503 3105 601 3187 viget
625 3105 675 3185 (ef.
710 3104 786 3169 Brix
816 3105 859 3170 ad
881 3106 987 3170 Plaut.
1020 3105 1106 3168 Men.
1135 3108 1225 3187 1010)
1261 3123 1332 3168 eum
1361 3103 1469 3186 ibique

327 3207 529 3273 coniunctum
545 3214 595 3273 est
610 3208 658 3272 Pl.
677 3208 760 3274 Rud.
777 3212 807 3288 3,
822 3212 854 3287 2,
870 3211 909 3270 29
929 3207 1086 3290 (insipietia
1100 3207 1230 3291 inique).
1268 3206 1370 3271 Huius
1386 3225 1465 3270 usus

329 3330 391 3374 nen
407 3310 573 3375 immemor
589 3310 701 3376 Oieero
717 3309 798 3375 dixit
814 3310 941 3388 Quinet.
961 3313 1013 3390 23,
1034 3313 1073 3373 73
1092 3309 1239 3393 desipuite
1253 3309 1411 3392 improbus
1434 3315 1467 3372 et

328 3411 411 3476 Phil.
429 3417 457 3489 3,
474 3418 557 3493 4,19
574 3414 595 3476 i.
615 3414 793 3496 impudens3
820 3413 861 3478 ef.
877 3411 1048 3495 Landgraf
1060 3413 1080 3476 l.
1097 3413 1118 3476 l.
1137 3433 1168 3495 p.
1187 3416 1238 3476 37.
1279 3411 1352 3477 Alie
1368 3431 1465 3477 sensu

328 3514 476 3598 insignite
499 3515 617 3581 dietum
641 3523 690 3581 est
712 3515 805 3581 Corn.
831 3515 894 3595 ΙΙΙ,
924 3518 973 3594 16,
994 3517 1034 3578 29
1058 3515 1206 3597 insipietia
1229 3553 1271 3562 -
1294 3515 1439 3578 absoluti,

418 3618 506 3682 Citra
529 3618 562 3682 in
586 3618 681 3684 sertis
708 3617 899 3699 quibusdam
929 3617 1074 3684 formulis
1104 3617 1254 3682 cotidiani
1283 3636 1361 3682 usus
1392 3637 1470 3701 pro-

329 3720 407 3804 priis
437 3728 588 3806 apparet,
621 3723 709 3786 velut
737 3721 821 3784 altro
850 3729 881 3784 et
910 3721 989 3784 citro
1020 3720 1089 3786 sie.
1121 3722 1215 3787 iisse.
1241 3722 1311 3785 Am.
1346 3723 1403 3797 22,
1425 3724 1466 3784 69

329 3821 467 3887 homines
489 3843 616 3887 cursare
638 3823 722 3887 ultro
745 3832 776 3886 et
798 3823 877 3886 citro
900 3846 962 3889 non
984 3823 1181 3887 destiterant.
1222 3823 1385 3888 Permulta
1400 3823 1469 3888 eol·

328 3925 409 4008 legit
437 3925 585 4011 exempla
613 3925 760 3992 Handius
788 3927 883 3992 Ture.
909 3927 942 3991 ΙΙ
969 3947 1046 4011 pag.
1073 3929 1114 3991 86
1139 3946 1227 4010 sqq.;
1260 3926 1375 4010 quibus
1403 3925 1469 4008 ipsi

329 4027 496 4093 addimus:
523 4033 551 4112 a)
579 4029 662 4092 altro
679 4030 817 4113 citroque
833 4029 903 4095 eat.
922 4050 948 4094 r.
967 4050 995 4094 r.
1022 4033 1061 4094 33
1084 4029 1128 4094 id.
1155 4029 1235 4113 orig.
1260 4051 1292 4114 p.
1312 4031 1364 4111 84,
1388 4029 1462 4115 11³3

330 4132 456 4198 Sisenn.
483 4131 558 4200 hist.
576 4133 621 4197 IV
644 4152 677 4216 p.
697 4135 769 4214 289,
791 4133 831 4194 22
848 4133 888 4206 Ρ;
916 4133 987 4197 Liv.
1007 4137 1037 4214 3,
1058 4139 1088 4212 5,
1109 4137 1159 4196 44.
1180 4136 1230 4212 39,
1251 4135 1282 4214 3,
1302 4135 1336 4208 7;
1363 4130 1463 4195 Gran.

329 4235 431 4300 Licin.
457 4256 532 4321 pag.
559 4238 611 4316 24,
631 4237 649 4299 8
672 4236 724 4320 ed.
750 4237 872 4308 Bonn.;
900 4235 972 4300 Gai.
1000 4237 1029 4317 3,
1052 4238 1104 4298 24.
1130 4235 1174 4299 id.
1200 4234 1266 4317 dig.
1293 4234 1351 4314 ΙΠ,
1379 4239 1409 4314 5,
1429 4236 1463 4310 2;

330 4339 405 4422 Uip.
430 4337 497 4421 dig.
516 4337 575 4418 ΙΧ,
602 4343 632 4419 4,
652 4341 692 4402 38
716 4340 733 4422 b
756 4342 787 4401 2.
813 4338 855 4418 Χ,
882 4341 912 4415 2,
933 4339 1014 4421 528
1030 4341 1059 4401 2.
1086 4338 1189 4418 XVII,
1220 4341 1319 4415 rsus.
1346 4336 1382 4418 L,
1413 4341 1467 4412 46,
