3356 5156
640 491 682 506 -
730 454 814 541 [351]
861 490 905 506 -ι
1320 459 1342 525 s

205 647 378 712 Krebsiani
401 647 550 731 editione,
577 668 673 729 quarn
689 648 881 732 Allgayerus
901 647 1033 729 curavit,
1060 646 1148 711 haud
1163 667 1265 730 pauca
1281 646 1339 710 ad-

205 752 280 817 dere
304 752 402 817 licuit.

291 857 370 922 Cum
401 862 508 920 autem
531 856 594 919 iarn
617 856 875 940 perscripsissem
898 855 983 920 hunc
1010 854 1172 930 libellum,
1198 855 1339 920 oblatum

205 957 281 1021 mihi
312 967 361 1023 est
391 959 538 1024 volumen
568 959 657 1042 prius
695 967 836 1022 actorum
870 957 1033 1021 seminarii
1058 957 1247 1041 philologici
1274 960 1340 1022 Er-

204 1061 361 1144 tanpensis
387 1063 428 1126 ab
450 1062 476 1127 Ι.
502 1062 657 1126 Muellero
680 1069 712 1126 et
733 1062 771 1124 Ε.
797 1061 981 1126 Woelfflino
1011 1060 1179 1126 editorum.
1227 1061 1277 1126 Ex
1298 1061 1339 1126 iis

204 1184 286 1244 quae
315 1165 348 1226 in
371 1165 431 1228 hoe
453 1165 614 1229 volumine
644 1164 845 1229 continentur
875 1164 1100 1248 scriptionibus
1129 1164 1171 1228 ad
1203 1165 1339 1229 similem

203 1273 300 1348 atque
323 1287 383 1349 ego
405 1269 541 1332 tractavi
564 1268 729 1332 materiam
757 1268 894 1352 pertinet
922 1267 1061 1350 diligens
1084 1268 1125 1331 H.
1151 1268 1340 1332 Hellmuthii

203 1371 427 1434 commentatio
463 1373 501 1432 dc
531 1371 682 1433 sermonis
708 1370 974 1452 proprietatibus,
1013 1358 1091 1452 qnae
1121 1370 1154 1432 in
1178 1371 1339 1452 prioribus

207 1472 366 1535 Ciceronis
395 1473 586 1535 orationibus
616 1472 817 1534 inueniuntur
851 1473 883 1554 (l.
914 1473 937 1535 l.
970 1492 1044 1555 pag.
1075 1475 1130 1534 101
1147 1476 1273 1556 -17n
1308 1480 1341 1537 et

204 1581 373 1639 accuratus
396 1574 435 1638 Α.
462 1574 614 1639 Koehleri
637 1575 766 1640 libellus
794 1576 832 1637 de
854 1583 1017 1638 anctorum
1040 1575 1115 1638 delli
1136 1576 1289 1659 Africani
1310 1585 1340 1639 ct

205 1677 280 1739 delli
307 1676 532 1759 Hispaniensis
568 1677 726 1740 latinitate
763 1677 846 1760 (pag.
874 1679 1099 1764 aot-4711.
1145 1679 1221 1742 Post
1249 1679 1340 1743 Hell-

204 1777 358 1842 mutbium
397 1779 532 1843 eandem
569 1779 736 1843 materiam
758 1779 960 1845 retractavit
1000 1779 1039 1844 Gr.
1080 1780 1261 1862 Landgraf,
1303 1783 1341 1844 de

208 1882 366 1945 Ciceronis
394 1882 565 1945 elocutione
599 1883 632 1944 in
663 1882 856 1946 orationibus
884 1905 948 1966 pro
977 1885 1017 1946 P.
1047 1883 1192 1952 Quinctio
1221 1891 1251 1945 ct
1278 1907 1340 1966 pro

190 1988 275 2048 'Sca
301 1985 417 2048 Roscio
440 1985 591 2048 Amerino
615 1985 799 2068 conspicua,
824 1986 1017 2065 tatamen,
1043 1992 1078 2050 ut
1100 1985 1185 2068 intra
1206 1987 1340 2050 artiores

204 2107 275 2152 sese
298 2088 473 2154 contineret
495 2088 586 2153 fines.
635 2089 788 2170 Reliquos
816 2089 933 2171 quibus
962 2108 1040 2153 usus
1070 2109 1139 2153 sum
1161 2089 1260 2154 libros
1283 2109 1340 2154 sno

202 2210 359 2272 quemque
382 2191 451 2256 looo
474 2192 655 2257 nominabo.

276 2295 410 2375 Restat,
443 2302 479 2358 ut
505 2314 645 2359 summas
675 2295 797 2376 gratias
827 2316 922 2377 agam
953 2294 1112 2359 Guilelmo
1141 2294 1341 2358 Studemund

203 2397 401 2480 praeceptori
424 2417 506 2477 meo,
532 2397 586 2478 qui
610 2397 696 2461 etin
720 2397 837 2461 scholis
861 2397 1064 2479 Argentorati
1092 2397 1211 2461 habitis
1238 2399 1339 2461 multa

202 2498 245 2562 ad
267 2499 471 2579 quaestiones
494 2520 514 2563 a
537 2519 587 2562 me
610 2506 761 2564 tractatas
791 2500 986 2584 pertinentia
1015 2500 1121 2583 tetigit
1150 2507 1182 2565 et
1211 2500 1243 2563 in
1273 2507 1338 2564 toto

202 2600 263 2665 hoc
285 2601 393 2666 libello
415 2601 609 2686 perficiendo
632 2610 664 2666 et
687 2603 818 2667 consilio
842 2610 873 2668 et
895 2623 929 2668 re
950 2623 1000 2668 me
1016 2603 1150 2685 adiuvit,
1178 2609 1209 2668 ct
1225 2604 1340 2668 Oarolo

202 2705 352 2768 Eduardo
383 2705 526 2787 Georges
557 2705 855 2789 lexicographorum
892 2706 1046 2790 principi,
1084 2707 1139 2787 qui
1168 2707 1339 2790 praecipue

202 2827 241 2870 ex
257 2807 466 2888 posteriorum
487 2813 626 2871 aetatum
644 2809 851 2891 scriptoribus
866 2809 991 2890 largam
1007 2810 1226 2893 exemplorum
1243 2829 1337 2891 sege,

200 2916 262 2973 tem
287 2908 329 2972 ad
352 2910 460 2991 capita
482 2911 545 2974 Iet
560 2911 605 2975 lv
628 2910 841 2993 pertinentem
865 2911 1096 2992 benignissime
1118 2910 1196 2975 mihi
1219 2930 1339 2994 suppe-

201 3012 330 3090 ditavit,
356 3032 416 3075 neo
438 3033 501 3076 non
525 3013 676 3077 Eduardo
698 3013 877 3096 Woelfflin,
911 3014 965 3095 qui
995 3014 1158 3096 complura
1189 3015 1338 3096 exempla

200 3135 220 3177 a
243 3134 277 3177 se
300 3114 436 3178 collecta
461 3134 583 3178 mecum
614 3116 847 3181 communicare
869 3117 990 3181 voluit
1012 3109 1152 3180 ¹Novam
1176 3117 1337 3182 Ciceronis

199 3218 351 3282 librorum
375 3216 416 3281 de
437 3217 621 3282 inventione
646 3219 827 3300 editionem,
854 3238 949 3302 quarn
972 3219 1153 3302 nuperrime
1175 3220 1335 3284 Andream

203 3321 353 3385 Weidner
375 3339 505 3385 curasse
529 3321 635 3402 audio,
662 3321 802 3385 nondum
824 3321 902 3386 vidi.

650 3621 814 3724 caput
845 3621 880 3702 Ι.

422 3830 424 3834 ’
533 3802 573 3866 Α.
611 3801 662 3866 De
685 3803 871 3868 verborum
895 3803 1004 3886 copia.

727 3975 797 4056 or.

313 4092 550 4176 Composita
573 4091 823 4156 adhibentur
845 4113 913 4176 pro
937 4094 1214 4177 simplicibus.

284 4248 515 4330 Colligentibus
538 4268 578 4310 ex
594 4246 761 4311 Cornificio
784 4252 815 4310 et
838 4268 878 4312 ex
899 4247 1010 4330 primis
1027 4249 1188 4314 Ciceronis
1204 4251 1340 4344 scriptis*

196 4351 352 4415 vocabula
375 4371 429 4427 ca,
457 4351 571 4431 quibus
601 4355 712 4432 postea
736 4348 847 4412 Cicero
876 4357 907 4413 ct
936 4352 990 4431 qui
1019 4372 1091 4416 euru
1122 4354 1221 4418 secuti
1256 4363 1329 4419 sunt

1090 4471 1122 4522 1*
