3356 5156
760 435 844 516 tus]
1312 435 1371 497 roo
1400 439 1401 442 ¹

235 620 277 684 sit
299 622 455 705 populum
480 623 682 707 frumentum
709 621 852 706 occurere
881 645 922 686 au
949 644 1012 686 moa
1041 621 1192 706 occepere,
1222 645 1300 707 puae
1322 622 1374 685 irr-

235 725 395 788 commodo
417 733 490 788 suot
511 725 544 788 r'u
566 725 668 790 altero
683 747 728 804 re,
755 747 859 790 secere
875 734 963 790 curet
978 747 1170 792 enumerare.
1210 725 1263 790 Sic
1278 725 1371 810 Kay-

235 846 326 892 scrus
348 827 382 892 in
405 828 498 893 Corn.
524 827 576 894 ed.
602 828 773 913 peculiari,
800 828 884 894 idem
909 849 966 913 pro
995 851 1099 893 seuere
1127 828 1160 894 in
1189 826 1370 912 appendice

235 929 379 996 eiusdem
401 930 551 998 editionis
577 931 728 1016 proponit
751 955 836 1005 verm
863 932 896 997 in
919 931 1095 1000 novissima
1117 931 1277 998 Cornificii
1300 930 1369 998 edi-

236 1033 321 1099 tione
344 1041 471 1100 secutus
494 1034 657 1102 secundae
687 1041 719 1102 et
749 1035 863 1102 tertiae
892 1035 1035 1101 familiae
1064 1034 1190 1102 codices
1220 1032 1309 1099 dedit
1338 1033 1370 1096 iu

235 1138 337 1202 alteru
358 1161 404 1215 re,
429 1152 514 1204 curet
535 1161 728 1204 enumerare.
768 1138 873 1222 Atque
888 1138 1078 1222 optimorum
1094 1136 1237 1204 codicum
1258 1137 1369 1203 leutio-

235 1260 293 1305 nes
322 1240 383 1306 hae
414 1247 504 1307 sunt:
537 1241 638 1306 altera
664 1263 773 1306 seuera
795 1251 881 1306 curet
903 1251 1059 1306 enumeret
1088 1241 1176 1325 bep¹‚
1204 1239 1268 1306 uk¹
1299 1239 1369 1320 (nisi

235 1343 320 1426 quod
337 1344 373 1409 k¹
397 1345 534 1428 reuera),
558 1345 692 1409 alterum
714 1366 781 1410 rem
802 1367 879 1408 uera
901 1353 989 1436 curet
1011 1352 1169 1408 mameret
1192 1344 1240 1423 kl,
1266 1345 1370 1408 altero

237 1470 271 1510 re
277 1470 364 1540 uera
378 1456 466 1512 curet
480 1470 661 1512 enumerare
682 1472 718 1530 μ.
765 1447 905 1514 Primum
928 1447 1027 1531 igilur
1042 1446 1127 1530 quod
1141 1446 1234 1514 codd.
1257 1445 1370 1530 hep¹rr

237 1551 390 1633 praebent
418 1551 521 1615 ultera
547 1573 579 1614 oe
606 1601 611 1613 .
634 1599 639 1611 .
663 1602 669 1615 .
695 1551 729 1616 id
758 1551 841 1618 falso
871 1551 1024 1636 scriptum
1055 1568 1127 1618 esse
1157 1550 1283 1616 videtur
1311 1570 1369 1634 pro

235 1653 337 1718 altero
367 1675 411 1732 re,
448 1653 532 1736 quod
565 1655 635 1720 rell.
667 1674 778 1720 omnes
811 1656 970 1739 praebent
1003 1654 1114 1734 oodd.;
1151 1654 1184 1720 in
1212 1653 1370 1737 scriptura

236 1755 320 1821 enim
337 1777 432 1850 quam
449 1764 565 1825 vocant
580 1757 824 1842 Langobardiea
839 1757 993 1824 facillime
1011 1757 1134 1824 litteras
1156 1780 1172 1821 o
1194 1763 1227 1824 et
1247 1779 1265 1820 r
1287 1755 1370 1820 inter

236 1878 271 1923 se
306 1859 493 1924 commutari
528 1867 653 1926 constat
681 1860 730 1944 (of.
757 1881 787 1928 e.
813 1883 845 1945 g.
872 1862 1015 1946 Spengel
1036 1859 1097 1926 Rh.
1123 1862 1165 1927 M.
1191 1860 1267 1926 XVI
1290 1879 1366 1942 pag.

235 1964 322 2046 2113).
370 1961 496 2028 Deinde
526 1964 566 2029 ab
597 1963 788 2048 optimorum
817 1964 960 2030 codicum
987 1964 1125 2031 lectione
1153 1987 1261 2028 seuero
1283 1970 1371 2027 curet

235 2075 392 2130 enumeret
412 2066 680 2150 progrediendum
704 2072 762 2149 est,
797 2088 860 2134 non
889 2089 960 2133 oum
983 2053 1130 2152 Kaysero
1159 2066 1201 2132 ad
1230 2065 1369 2132 deterio-

235 2187 304 2231 rum
327 2167 469 2233 oodicum
492 2168 586 2234 fidem
611 2169 813 2235 scribendum
836 2179 924 2259 curet
945 2191 1141 2249 mamm-orm
1180 2169 1276 2234 immo
1298 2189 1369 2234 oor-

235 2277 360 2355 ruptum
390 2270 517 2337 videtur
544 2281 641 2336 curet.
695 2272 885 2357 Scripserim
915 2274 1095 2357 dolomate),
1134 2273 1220 2357 quod
1252 2271 1368 2338 adver-

235 2373 321 2439 bium
351 2375 470 2458 optime
498 2375 542 2440 ad
564 2376 660 2442 totius
691 2377 887 2461 pronuntiati
917 2395 1046 2444 sensum
1075 2377 1221 2460 quadrat.
1268 2377 1306 2440 ln
1328 2375 1368 2440 iis

234 2483 341 2554 autem
370 2497 453 2559 quae
483 2484 606 2544 restant
635 2480 736 2546 tribus
765 2480 880 2546 litteris
902 2503 959 2546 uer
988 2481 1088 2548 latere
1117 2479 1252 2562 videtur,
1284 2477 1368 2562 quod

186 2643 189 2650 ,
234 2580 297 2645 iam
314 2581 480 2665 Kayserus
503 2583 677 2667 perspexit,
705 2582 893 2650 adverbium
916 2607 997 2662 vere,
1022 2589 1056 2650 ut
1077 2583 1187 2650 addita
1209 2582 1369 2667 particula

234 2684 418 2768 copulativa
440 2687 493 2751 vel
516 2695 546 2750 et
567 2686 619 2753 vel
640 2687 747 2771 potius
770 2695 875 2772 atque,
904 2709 986 2771 quae
1009 2694 1083 2756 ante
1105 2695 1249 2752 accurrate
1272 2684 1368 2752 facile

233 2787 425 2855 intercidere
447 2790 561 2874 potuit,
588 2790 684 2858 totius
707 2790 769 2857 loci
792 2791 886 2858 lectio
908 2791 990 2860 haec
1013 2791 1080 2857 sere
1103 2790 1160 2857 sit:
1189 2813 1269 2876 quoe
1284 2812 1368 2853 eom-

234 2892 325 2953 moda
347 2899 420 2955 sumt
442 2892 475 2956 r'u
490 2894 593 2956 altero
615 2916 659 2974 re,
687 2895 763 2974 vecie
786 2897 884 2978 utque)
906 2894 1077 2977 aleleurotle)
1098 2901 1265 2958 enumeret.
1302 2894 1367 2957 Re-

234 2991 392 3075 spondent
415 2999 520 3060 autem
548 2993 629 3062 haec
651 2996 713 3062 duo
742 2995 898 3064 adverbia
926 2996 967 3061 iis
995 3016 1079 3079 quae
1108 3001 1258 3064 secuntur
1287 2994 1368 3060 duo-

233 3095 295 3161 bus
324 3095 475 3162 membris
506 3107 562 3162 out
595 3137 630 3146 -
663 3109 728 3164 aut.
783 3101 879 3164 Error
908 3099 983 3166 inde
1011 3099 1137 3168 videtur
1163 3105 1252 3165 ortus
1281 3116 1364 3177 esse,

234 3197 319 3280 quod
348 3198 382 3262 in
412 3199 521 3267 codice
551 3200 728 3286 archetypo
757 3203 879 3285 aliquot
901 3202 1028 3269 litterae
1056 3201 1280 3268 interciderant
1308 3201 1368 3268 hoc

235 3300 302 3368 fere
325 3301 434 3366 modo:

290 3404 603 3472 ALTERAREVER
629 3457 749 3472 .....
775 3409 834 3472 A.
863 3408 1016 3494 OVRlle
1042 3457 1048 3470 .
1075 3406 1310 3473 ENVMERET

320 3508 422 3575 Simili
448 3509 571 3576 ratione
600 3509 633 3575 in
665 3511 735 3576 loco
766 3531 807 3576 ax
836 3518 948 3594 quarto
979 3511 1059 3577 libro
1089 3510 1278 3595 deprompto
1307 3509 1368 3576 ali-

233 3616 309 3692 quot
331 3611 456 3678 litterae
478 3612 723 3679 interoiderunt:
757 3615 812 3695 IV,
834 3617 884 3696 18,
904 3618 944 3678 25
967 3637 1040 3678 uam
1063 3637 1151 3698 quem
1173 3613 1206 3677 m
1228 3611 1368 3676 amicitia

228 3713 434 3795 perfidiosum
456 3717 647 3801 eopuooere’a,
672 3740 740 3782 eum
764 3741 825 3801 quo
847 3741 881 3783 re
897 3727 993 3801 puteo
1015 3717 1194 3782 irrr'mr'cr'tr'ao
1216 3738 1286 3780 cum
1294 3715 1367 3799 fide

234 3824 337 3880 tenere
361 3821 482 3900 posse?
525 3820 564 3884 In
593 3819 755 3886 codicibus
786 3841 858 3885 oum
888 3822 1037 3904 legantur
1070 3819 1168 3888 baec:
1208 3841 1277 3884 eum
1294 3819 1367 3904 Jtde

235 3941 358 4001 repense
381 3920 445 4005 pli,
483 3944 552 3985 eum
568 3922 640 4006 fide
663 3944 824 4004 reposcere
854 3926 899 4007 pl,
937 3924 1090 4008 corfidere
1113 3945 1208 4005 posse
1230 3922 1262 4003 h,
1299 3944 1368 3986 eum

109 4053 113 4060 1
226 4022 291 4100 fide
314 4032 417 4088 terrere
428 4046 521 4106 posse
536 4029 598 4108 gr¹,
621 4029 683 4107 ¹0x,
703 4049 740 4111 φ,
768 4049 837 4090 eum
846 4026 920 4109 fide
941 4026 1076 4090 retinere
1094 4048 1187 4110 posse
1209 4045 1272 4108 eo,
1298 4048 1368 4088 oum

219 4126 291 4210 fide
313 4127 428 4191 tubere
444 4150 539 4210 posse
562 4129 632 4194 rell.
664 4131 819 4214 [p2aop³),
856 4129 910 4196 vix
933 4136 983 4197 est
1005 4129 1136 4196 dubium
1159 4128 1237 4211 quin
1258 4128 1292 4193 in
1313 4150 1369 4194 oo-

232 4227 302 4294 dice
324 4230 498 4315 archetypo
528 4231 648 4316 scripta
678 4231 796 4298 fuerint
826 4231 922 4298 hacc:
957 4231 1150 4300 OVMFIDE
1176 4280 1182 4294 .
1204 4279 1211 4294 .
1233 4280 1239 4294 .
1262 4281 1267 4294 .
1294 4233 1368 4299 RE-

231 4330 372 4414 POSSE,
402 4333 448 4400 ita
470 4339 504 4400 ut
527 4334 610 4402 inter
618 4335 691 4419 fide
714 4341 746 4402 et
767 4357 802 4400 re
823 4335 941 4402 lacuna
962 4342 1048 4402 esset
1070 4339 1220 4420 quattuor
1242 4334 1366 4404 littera-
