3356 5156
333 415 375 478 aa
792 449 834 458 -
883 413 965 493 [4an
1015 449 1057 457 -

422 619 442 682 r·
477 600 576 666 Haud
606 600 716 664 minus
746 601 899 664 cotidiani
928 601 1086 666 sermonis
1116 605 1167 665 est
1195 607 1283 664 recto
1317 599 1397 682 (soil.
1424 599 1477 663 υίᾶ

335 706 429 770 Corn.
456 705 511 786 lv,
539 707 590 778 50,
610 706 651 767 63
674 703 705 765 si
725 705 770 766 cd
789 725 838 766 mo
860 712 947 768 recto
965 705 1089 767 domam
1112 704 1270 781 adnectam
1297 701 1339 768 cf.
1366 702 1475 768 Koch-

333 809 381 872 ler
403 814 465 872 act.
491 808 557 871 llrl.
583 808 599 871 1
622 827 698 891 pag.
725 810 786 869 454
804 825 853 888 sq.
1370 863 1373 867 .

421 915 443 990 a]
471 903 521 974 De
537 908 644 993 ellipsi
658 908 810 973 infinitivi
820 909 905 992 fleri
917 910 950 974 in
965 909 1112 975 formulis
1128 908 1319 992 quibusdam
1334 909 1475 974 maxime

337 1013 465 1078 comicis
499 1012 603 1096 poetis
638 1011 849 1077 familiaribus
880 1011 924 1077 ci.
956 1013 1035 1076 Brix
1064 1011 1106 1077 ad
1136 1013 1241 1077 Plaut.
1274 1012 1364 1076 irin.
1390 1016 1470 1089 705;

336 1116 457 1181 Lorenz
480 1114 522 1179 ad
544 1115 649 1179 Plaut.
675 1114 770 1178 Most.
796 1118 876 1192 361;
903 1115 1072 1180 Antibarb.
1099 1135 1175 1199 pag.
1202 1117 1276 1179 886.
1324 1115 1403 1180 Item
1425 1117 1475 1180 le-

336 1219 422 1301 gitur
444 1219 474 1281 at
488 1226 598 1300 potest
618 1237 675 1302 pro
698 1218 728 1280 εἰ
739 1217 825 1301 fieri
842 1225 951 1300 potest
973 1217 1062 1302 apud
1085 1218 1180 1284 Corn.
1206 1219 1260 1294 IV,
1288 1222 1340 1299 50,
1360 1220 1399 1281 63
1426 1219 1474 1280 oi-

336 1322 407 1385 deto
430 1329 466 1384 ot
487 1320 656 1404 dt‘lipeater
684 1329 896 1400 rtamereatar,
930 1321 961 1383 si
982 1328 1109 1402 potest,
1141 1329 1213 1384 ante
1241 1328 1379 1400 metent,
1413 1339 1474 1402 quo

336 1424 405 1488 loco
429 1422 634 1488 Comificium
656 1423 816 1507 plebeium
838 1422 955 1488 imitari
978 1442 1157 1488 sermonem
1185 1423 1250 1487 iam
1280 1442 1379 1506 supra
1407 1443 1476 1487 mo-

337 1526 475 1590 nuimus.

487 1629 558 1711 §a
599 1629 654 1694 De
677 1628 1047 1693 enuntiationibus
1070 1628 1321 1711 compositis.

424 1732 461 1795 ln
484 1730 646 1796 Oomifioii
677 1738 709 1796 et
731 1731 770 1796 iis
794 1730 959 1797 Ciceronis
982 1730 1090 1812 libris,
1124 1749 1204 1812 quos
1226 1730 1260 1795 in
1283 1729 1343 1796 hoc
1365 1731 1476 1797 libello

337 1835 510 1918 praecipue
547 1832 750 1916 respicimus,
788 1852 887 1917 saepe
920 1833 1052 1899 secundi
1085 1833 1206 1899 ordinis
1242 1834 1475 1900 enuntiationes

338 1938 457 2002 omissa
487 1936 644 2020 particula
673 1955 728 2018 ea,
767 1955 832 2018 qna
861 1935 1077 2018 probatissimi
1107 1943 1254 2002 auctores
1282 1936 1328 2002 uti
1359 1938 1472 2020 solent,

338 2039 483 2106 faciliore
506 2046 538 2104 et
560 2038 652 2121 quasi
675 2037 875 2122 expeditiore
898 2037 991 2102 modo
1015 2038 1249 2120 coniunguntur
1278 2059 1350 2104 cum
1383 2059 1477 2123 prae-

338 2142 472 2208 cedente
501 2141 719 2207 enuntiatione
741 2141 904 2226 primaria
950 2140 1044 2219 Quod
1072 2141 1219 2225 inprimis
1248 2140 1283 2207 fit
1310 2142 1344 2206 in
1374 2163 1476 2208 enun-

339 2245 524 2310 tiationibus
552 2243 719 2325 finalibus,
752 2244 786 2308 in
815 2244 930 2326 quibus
960 2244 1071 2328 optimi
1100 2245 1270 2330 scriptores
1300 2245 1476 2329 particulas
1516 2295 1521 2306 .

338 2357 374 2410 ut
397 2355 429 2414 et
450 2370 489 2410 ao
511 2346 664 2413 adhibere
687 2347 804 2423 solent3
832 2347 865 2410 in
888 2346 938 2410 his
961 2347 1045 2411 enim
1069 2347 1341 2426 enuntiationibus
1361 2348 1478 2413 Corni-

339 2450 446 2528 ficius,
480 2450 591 2515 Cicero
614 2451 647 2513 in
676 2449 787 2533 primis
817 2449 925 2531 libris,
959 2449 1098 2530 denique
1128 2469 1168 2514 ex
1197 2450 1330 2532 reliquis
1359 2472 1477 2534 aureae

340 2552 457 2618 aetatis
483 2571 597 2635 prosae
627 2552 779 2617 orationis
808 2551 992 2617 auctoribus
1021 2552 1195 2636 praecipue
1223 2552 1395 2618 Sallustius
1426 2555 1477 2618 in-

339 2654 462 2719 finitivo
489 2654 681 2736 aliquotiens
711 2660 852 2719 utuntur.
900 2655 1017 2720 Postea
1047 2650 1153 2738 autem
1177 2655 1289 2721 Cicero
1319 2663 1350 2720 et
1380 2657 1479 2722 ceteri

339 2757 545 2839 elegantioris
568 2757 724 2822 sermonis
746 2762 892 2823 auctores
914 2757 970 2844 ubi
992 2758 1128 2840 primum
1157 2758 1385 2841 perpoliendae
1415 2759 1479 2824 lin-

340 2880 424 2944 guae
446 2880 555 2926 curam
572 2859 758 2943 impendere
773 2866 805 2925 et
819 2859 996 2926 secundum
1011 2861 1290 2942 grammaticorum
1307 2869 1479 2946 praecepta

341 2963 470 3045 singula
492 2962 745 3030 enuntiationum
769 2982 888 3045 genera
911 2963 1092 3029 accuratius
1115 2963 1292 3044 disquirere
1313 2965 1393 3030 etin
1410 2984 1478 3030 cer-

341 3072 408 3131 tum
439 3064 581 3129 ordinem
612 3065 757 3148 redigere
786 3073 978 3149 coeperunt,
1010 3066 1052 3131 ab
1082 3066 1173 3130 initio
1202 3067 1236 3131 id
1267 3075 1420 3149 egerunt,
1445 3074 1480 3133 ut

342 3168 478 3254 singulis
502 3168 755 3234 enuntiationum
786 3170 955 3252 generibus
985 3168 1131 3253 proprios
1162 3175 1194 3233 et
1223 3169 1479 3253 circumscriptos

342 3271 568 3338 constituerent
589 3271 679 3336 fines.
729 3271 821 3336 Unde
844 3271 962 3336 factum
986 3277 1049 3352 est,
1077 3278 1111 3337 ut
1133 3274 1235 3337 multa
1256 3272 1371 3351 verba,
1398 3292 1480 3355 quae

342 3382 439 3439 antea
461 3394 533 3439 cnm
557 3373 713 3438 infinitivo
736 3373 878 3438 construi
901 3373 1034 3454 licebat,
1061 3375 1125 3438 iam
1147 3373 1190 3438 ad
1212 3374 1345 3439 aliorum
1369 3375 1479 3440 simili·

343 3475 485 3540 tudinem
510 3495 580 3539 cum
604 3475 764 3558 particula
786 3475 895 3556 aliqua
917 3476 1195 3559 coniungerentur.

430 3577 577 3640 Huncin
603 3577 732 3641 modum
762 3577 907 3660 inprimis
929 3579 1028 3643 verba
1056 3579 1202 3641 mouendi
1230 3579 1379 3643 hortandi
1406 3601 1480 3643 suo-

343 3679 439 3742 deadc‘
459 3678 578 3744 similia
600 3679 686 3762 apud
710 3678 911 3744 Cornificium
935 3687 967 3746 et
988 3680 1021 3744 in
1044 3679 1208 3746 Ciceronis
1233 3680 1274 3746 de
1297 3681 1480 3747 inventione

343 3781 434 3846 libris
457 3781 647 3863 aliquotiens
671 3801 744 3847 cum
765 3780 922 3847 infinitivo
946 3783 1116 3849 coniuncta
1139 3791 1229 3865 sunt,
1264 3803 1335 3848 oum
1357 3784 1391 3848 in
1413 3785 1481 3848 ele-

344 3885 489 3969 gantiore
512 3904 657 3950 sermone
680 3886 784 3951 altera
806 3885 998 3950 constructio
1021 3886 1171 3970 apposita
1190 3886 1350 3970 particula
1365 3895 1400 3950 ut
1414 3886 1482 3950 fere

346 3990 416 4071 sola
438 3990 480 4053 sit
501 3987 656 4072 legitima.

432 4091 485 4156 Sic
509 4091 573 4174 legi
598 4094 618 4173 ι)
646 4112 770 4156 mouere
785 4090 852 4156 Cic.
879 4091 943 4154 inv.
963 4092 1005 4170 ll,
1026 4093 1078 4173 22,
1095 4095 1135 4155 66
1158 4113 1237 4174 quoe
1252 4112 1329 4174 erpa
1340 4090 1482 4172 patriam

345 4232 388 4243 —
411 4194 550 4279 officium
566 4216 749 4258 conservare
764 4202 904 4271 moncat3
931 4192 985 4257 fin.
1009 4199 1036 4275 l,
1057 4195 1107 4272 20,
1128 4195 1168 4255 66
1191 4193 1273 4258 ratio
1296 4194 1366 4277 ipso
1381 4201 1483 4256 mouet

348 4296 505 4360 amicitias
532 4317 714 4378 comparare
746 4295 821 4372 (vid.
847 4316 929 4377 quae
960 4315 1057 4380 supra
1079 4315 1154 4378 pag.
1182 4298 1231 4377 74)
1260 4294 1482 4360 adnotavimus
