<?xml version="1.0" encoding="UTF-8"?>
<!DOCTYPE html PUBLIC "-//W3C//DTD XHTML 1.0 Transitional//EN"
    "http://www.w3.org/TR/xhtml1/DTD/xhtml1-transitional.dtd">
<html xmlns="http://www.w3.org/1999/xhtml" xml:lang="en" lang="en">
 <head>
  <title>
</title>
<meta http-equiv="Content-Type" content="text/html;charset=utf-8" />
  <meta name='ocr-system' content='tesseract 3.04.00' />
  <meta name='ocr-capabilities' content='ocr_page ocr_carea ocr_par ocr_line ocrx_word'/>
</head>
<body>
  <div class='ocr_page' id='page_1' title='image "./desermonispropr00thiegoog_0109.png"; bbox 0 0 3356 5156; ppageno 0'>
   <div class='ocr_carea' id='block_1_1' title="bbox 737 399 910 478">
    <p class='ocr_par' dir='ltr' id='par_1_1' title="bbox 737 399 910 478">
     <span class='ocr_line' id='line_1_1' title="bbox 737 399 910 478; baseline 0.006 -20"><span class='ocrx_word' id='word_1_1' title='bbox 737 434 780 444; x_wconf 86' lang='lat'>-</span> <span class='ocrx_word' id='word_1_2' title='bbox 828 399 910 478; x_wconf 72' lang='lat'>[454]</span> 
     </span>
    </p>
   </div>
   <div class='ocr_carea' id='block_1_2' title="bbox 714 660 1032 764">
    <p class='ocr_par' dir='ltr' id='par_1_2' title="bbox 714 660 1032 764">
     <span class='ocr_line' id='line_1_2' title="bbox 714 660 1032 764; baseline -0.006 -18"><span class='ocrx_word' id='word_1_3' title='bbox 714 660 1032 764; x_wconf 76' lang='lat' dir='ltr'><em>Epimetrum</em></span> 
     </span>
    </p>
   </div>
   <div class='ocr_carea' id='block_1_3' title="bbox 362 816 1407 928">
    <p class='ocr_par' dir='ltr' id='par_1_3' title="bbox 362 816 1407 928">
     <span class='ocr_line' id='line_1_3' title="bbox 362 816 1407 928; baseline -0.005 -17"><span class='ocrx_word' id='word_1_4' title='bbox 362 843 647 912; x_wconf 77' lang='lat' dir='ltr'>emendationum</span> <span class='ocrx_word' id='word_1_5' title='bbox 671 816 715 910; x_wconf 84' lang='lat' dir='ltr'><em>ed</em></span> <span class='ocrx_word' id='word_1_6' title='bbox 738 842 919 911; x_wconf 79' lang='lat' dir='ltr'><em>Cornificii</em></span> <span class='ocrx_word' id='word_1_7' title='bbox 941 843 1122 911; x_wconf 88' lang='lat' dir='ltr'><em>rhetorica</em></span> <span class='ocrx_word' id='word_1_8' title='bbox 1145 843 1407 928; x_wconf 51' lang='lat' dir='ltr'><em>spectantlums</em></span> 
     </span>
    </p>
   </div>
   <div class='ocr_carea' id='block_1_4' title="bbox 306 998 1480 2730">
    <p class='ocr_par' dir='ltr' id='par_1_4' title="bbox 306 998 1480 2730">
     <span class='ocr_line' id='line_1_4' title="bbox 393 998 1441 1083; baseline -0.005 -16"><span class='ocrx_word' id='word_1_9' title='bbox 393 1000 487 1067; x_wconf 81' lang='lat' dir='ltr'><em>Corn.</em></span> <span class='ocrx_word' id='word_1_10' title='bbox 505 998 531 1080; x_wconf 83' lang='lat'><em>1,</em></span> <span class='ocrx_word' id='word_1_11' title='bbox 552 1002 583 1082; x_wconf 79' lang='lat'><em>2,</em></span> <span class='ocrx_word' id='word_1_12' title='bbox 599 1000 629 1062; x_wconf 84' lang='lat'><em>3.</em></span> <span class='ocrx_word' id='word_1_13' title='bbox 671 999 829 1064; x_wconf 84' lang='lat' dir='ltr'><em>Memoria</em></span> <span class='ocrx_word' id='word_1_14' title='bbox 851 1007 898 1064; x_wconf 94' lang='lat' dir='ltr'><em>est</em></span> <span class='ocrx_word' id='word_1_15' title='bbox 906 1000 1010 1083; x_wconf 83' lang='lat' dir='ltr'><em>firmo</em></span> <span class='ocrx_word' id='word_1_16' title='bbox 1032 999 1132 1064; x_wconf 85' lang='lat' dir='ltr'><em>animi</em></span> <span class='ocrx_word' id='word_1_17' title='bbox 1152 1021 1258 1062; x_wconf 86' lang='lat' dir='ltr'><em>rernm</em></span> <span class='ocrx_word' id='word_1_18' title='bbox 1280 1007 1310 1064; x_wconf 89' lang='lat' dir='ltr'><em>et</em></span> <span class='ocrx_word' id='word_1_19' title='bbox 1332 1001 1441 1063; x_wconf 86' lang='lat' dir='ltr'><em>cerdo-</em></span> 
     </span>
     <span class='ocr_line' id='line_1_5' title="bbox 306 1100 1442 1186; baseline 0 -20"><span class='ocrx_word' id='word_1_20' title='bbox 306 1125 377 1166; x_wconf 85' lang='lat' dir='ltr'><em>ram</em></span> <span class='ocrx_word' id='word_1_21' title='bbox 398 1110 430 1166; x_wconf 90' lang='lat' dir='ltr'><em>et</em></span> <span class='ocrx_word' id='word_1_22' title='bbox 447 1100 661 1185; x_wconf 74' lang='lat' dir='ltr'><em>dispositionis</em></span> <span class='ocrx_word' id='word_1_23' title='bbox 669 1102 832 1185; x_wconf 78' lang='lat' dir='ltr'><em>perceptio</em></span> <span class='ocrx_word' id='word_1_24' title='bbox 844 1103 878 1185; x_wconf 87' lang='lat'><em>¹).</em></span> <span class='ocrx_word' id='word_1_25' title='bbox 919 1102 998 1169; x_wconf 85' lang='lat' dir='ltr'><em>eod.</em></span> <span class='ocrx_word' id='word_1_26' title='bbox 1018 1126 1034 1166; x_wconf 89' lang='lat' dir='ltr'><em>e</em></span> <span class='ocrx_word' id='word_1_27' title='bbox 1050 1102 1171 1186; x_wconf 83' lang='lat' dir='ltr'><em>primae</em></span> <span class='ocrx_word' id='word_1_28' title='bbox 1186 1101 1328 1168; x_wconf 85' lang='lat' dir='ltr'><em>familiae</em></span> <span class='ocrx_word' id='word_1_29' title='bbox 1343 1102 1442 1168; x_wconf 87' lang='lat' dir='ltr'><em>habet</em></span> 
     </span>
     <span class='ocr_line' id='line_1_6' title="bbox 306 1204 1438 1292; baseline 0 -22"><span class='ocrx_word' id='word_1_30' title='bbox 306 1227 412 1270; x_wconf 86' lang='lat' dir='ltr'><em>rernm</em></span> <span class='ocrx_word' id='word_1_31' title='bbox 434 1229 471 1270; x_wconf 88' lang='lat' dir='ltr'><em>oc</em></span> <span class='ocrx_word' id='word_1_32' title='bbox 492 1205 704 1289; x_wconf 58' lang='grc'><strong>6666666661),</strong></span> <span class='ocrx_word' id='word_1_33' title='bbox 731 1204 802 1272; x_wconf 85' lang='lat' dir='ltr'><em>ced.</em></span> <span class='ocrx_word' id='word_1_34' title='bbox 828 1209 867 1292; x_wconf 68' lang='lat'><em>9¹</em></span> <span class='ocrx_word' id='word_1_35' title='bbox 882 1227 925 1270; x_wconf 90' lang='lat' dir='ltr'><em>m.</em></span> <span class='ocrx_word' id='word_1_36' title='bbox 950 1226 998 1290; x_wconf 90' lang='lat' dir='ltr'><em>pr.</em></span> <span class='ocrx_word' id='word_1_37' title='bbox 1024 1227 1129 1269; x_wconf 87' lang='lat' dir='ltr'><em>rernm</em></span> <span class='ocrx_word' id='word_1_38' title='bbox 1144 1207 1319 1286; x_wconf 73' lang='lat' dir='ltr'><em>nerdornne¹</em></span> <span class='ocrx_word' id='word_1_39' title='bbox 1346 1204 1438 1270; x_wconf 86' lang='lat' dir='ltr'><em>cedd.</em></span> 
     </span>
     <span class='ocr_line' id='line_1_7' title="bbox 307 1307 1441 1393; baseline -0.001 -19"><span class='ocrx_word' id='word_1_40' title='bbox 307 1329 355 1374; x_wconf 90' lang='lat' dir='ltr'><em>re</em></span> <span class='ocrx_word' id='word_1_41' title='bbox 376 1331 483 1373; x_wconf 84' lang='lat' dir='ltr'><em>rernm</em></span> <span class='ocrx_word' id='word_1_42' title='bbox 504 1310 744 1393; x_wconf 80' lang='lat' dir='ltr'><em>nerbornmqne3</em></span> <span class='ocrx_word' id='word_1_43' title='bbox 776 1308 854 1376; x_wconf 89' lang='lat' dir='ltr'><em>item</em></span> <span class='ocrx_word' id='word_1_44' title='bbox 882 1309 916 1373; x_wconf 93' lang='lat' dir='ltr'><em>in</em></span> <span class='ocrx_word' id='word_1_45' title='bbox 939 1311 1040 1376; x_wconf 82' lang='lat' dir='ltr'><em>altere</em></span> <span class='ocrx_word' id='word_1_46' title='bbox 1063 1309 1204 1374; x_wconf 88' lang='lat' dir='ltr'><em>membro</em></span> <span class='ocrx_word' id='word_1_47' title='bbox 1231 1307 1323 1374; x_wconf 83' lang='lat' dir='ltr'><em>cedd.</em></span> <span class='ocrx_word' id='word_1_48' title='bbox 1350 1309 1441 1373; x_wconf 79' lang='lat' dir='ltr'><em>trl¹</em></span> 
     </span>
     <span class='ocr_line' id='line_1_8' title="bbox 307 1411 1480 1497; baseline -0.003 -19"><span class='ocrx_word' id='word_1_49' title='bbox 307 1416 368 1478; x_wconf 71' lang='lat' dir='ltr'><em>vol</em></span> <span class='ocrx_word' id='word_1_50' title='bbox 386 1415 455 1496; x_wconf 79' lang='lat' dir='ltr'><em>e²v</em></span> <span class='ocrx_word' id='word_1_51' title='bbox 478 1412 597 1478; x_wconf 88' lang='lat' dir='ltr'><em>omissa</em></span> <span class='ocrx_word' id='word_1_52' title='bbox 612 1412 771 1496; x_wconf 90' lang='lat' dir='ltr'><em>particula</em></span> <span class='ocrx_word' id='word_1_53' title='bbox 787 1413 970 1497; x_wconf 76' lang='lat' dir='ltr'><em>copulativa</em></span> <span class='ocrx_word' id='word_1_54' title='bbox 984 1411 1141 1496; x_wconf 83' lang='lat' dir='ltr'><em>praebent</em></span> <span class='ocrx_word' id='word_1_55' title='bbox 1156 1412 1320 1476; x_wconf 85' lang='lat' dir='ltr'><em>oerdornrn</em></span> <span class='ocrx_word' id='word_1_56' title='bbox 1336 1411 1443 1494; x_wconf 88' lang='lat' dir='ltr'><em>dispo-</em></span> <span class='ocrx_word' id='word_1_57' title='bbox 1475 1483 1480 1485; x_wconf 49' lang='grc'><strong>,</strong></span> 
     </span>
     <span class='ocr_line' id='line_1_9' title="bbox 307 1513 1442 1600; baseline -0.001 -21"><span class='ocrx_word' id='word_1_58' title='bbox 307 1515 441 1580; x_wconf 88' lang='lat' dir='ltr'><em>sitionis.</em></span> <span class='ocrx_word' id='word_1_59' title='bbox 488 1513 582 1592; x_wconf 82' lang='lat' dir='ltr'><em>Quod</em></span> <span class='ocrx_word' id='word_1_60' title='bbox 603 1514 702 1598; x_wconf 82' lang='lat' dir='ltr'><em>igitur</em></span> <span class='ocrx_word' id='word_1_61' title='bbox 725 1515 852 1582; x_wconf 85' lang='lat' dir='ltr'><em>cedices</em></span> <span class='ocrx_word' id='word_1_62' title='bbox 881 1515 996 1600; x_wconf 89' lang='lat' dir='ltr'><em>partim</em></span> <span class='ocrx_word' id='word_1_63' title='bbox 1026 1515 1146 1580; x_wconf 90' lang='lat' dir='ltr'><em>nullam</em></span> <span class='ocrx_word' id='word_1_64' title='bbox 1177 1515 1303 1580; x_wconf 92' lang='lat' dir='ltr'><em>omnine</em></span> <span class='ocrx_word' id='word_1_65' title='bbox 1327 1515 1442 1598; x_wconf 85' lang='lat' dir='ltr'><em>partim</em></span> 
     </span>
     <span class='ocr_line' id='line_1_10' title="bbox 308 1616 1443 1702; baseline -0.002 -18"><span class='ocrx_word' id='word_1_66' title='bbox 308 1617 364 1684; x_wconf 86' lang='lat' dir='ltr'><em>alii</em></span> <span class='ocrx_word' id='word_1_67' title='bbox 388 1616 485 1683; x_wconf 90' lang='lat' dir='ltr'><em>aliam</em></span> <span class='ocrx_word' id='word_1_68' title='bbox 507 1617 627 1684; x_wconf 90' lang='lat' dir='ltr'><em>habent</em></span> <span class='ocrx_word' id='word_1_69' title='bbox 656 1617 871 1700; x_wconf 76' lang='lat' dir='ltr'><em>coniungendi</em></span> <span class='ocrx_word' id='word_1_70' title='bbox 898 1617 1104 1702; x_wconf 78' lang='lat' dir='ltr'><em>particulam,</em></span> <span class='ocrx_word' id='word_1_71' title='bbox 1137 1623 1223 1683; x_wconf 91' lang='lat' dir='ltr'><em>reete</em></span> <span class='ocrx_word' id='word_1_72' title='bbox 1252 1617 1443 1682; x_wconf 80' lang='lat' dir='ltr'>concludere</span> 
     </span>
     <span class='ocr_line' id='line_1_11' title="bbox 308 1719 1443 1805; baseline -0.001 -18"><span class='ocrx_word' id='word_1_73' title='bbox 308 1721 454 1787; x_wconf 86' lang='lat' dir='ltr'><em>videmur</em></span> <span class='ocrx_word' id='word_1_74' title='bbox 475 1721 516 1786; x_wconf 92' lang='lat' dir='ltr'><em>ab</em></span> <span class='ocrx_word' id='word_1_75' title='bbox 538 1720 628 1786; x_wconf 90' lang='lat' dir='ltr'><em>initio</em></span> <span class='ocrx_word' id='word_1_76' title='bbox 651 1721 712 1786; x_wconf 88' lang='lat' dir='ltr'><em>tria</em></span> <span class='ocrx_word' id='word_1_77' title='bbox 741 1721 799 1786; x_wconf 91' lang='lat' dir='ltr'><em>illa</em></span> <span class='ocrx_word' id='word_1_78' title='bbox 821 1722 964 1787; x_wconf 88' lang='lat' dir='ltr'><em>membra</em></span> <span class='ocrx_word' id='word_1_79' title='bbox 995 1721 1085 1786; x_wconf 90' lang='lat' dir='ltr'><em>nulla</em></span> <span class='ocrx_word' id='word_1_80' title='bbox 1113 1719 1257 1786; x_wconf 91' lang='lat' dir='ltr'><em>adhibita</em></span> <span class='ocrx_word' id='word_1_81' title='bbox 1286 1719 1443 1805; x_wconf 88' lang='lat' dir='ltr'><em>particula</em></span> 
     </span>
     <span class='ocr_line' id='line_1_12' title="bbox 309 1820 1445 1908; baseline 0 -20"><span class='ocrx_word' id='word_1_82' title='bbox 309 1820 499 1900; x_wconf 68' lang='lat' dir='ltr'><em>doords&#39;rec</em></span> <span class='ocrx_word' id='word_1_83' title='bbox 521 1824 621 1890; x_wconf 85' lang='lat' dir='ltr'><em>tuisse</em></span> <span class='ocrx_word' id='word_1_84' title='bbox 644 1824 831 1908; x_wconf 84' lang='lat' dir='ltr'><em>composita,</em></span> <span class='ocrx_word' id='word_1_85' title='bbox 856 1823 1029 1908; x_wconf 90' lang='lat' dir='ltr'><em>particulas</em></span> <span class='ocrx_word' id='word_1_86' title='bbox 1053 1829 1159 1890; x_wconf 90' lang='lat' dir='ltr'><em>autem</em></span> <span class='ocrx_word' id='word_1_87' title='bbox 1182 1824 1382 1908; x_wconf 85' lang='lat' dir='ltr'><em>copulativae</em></span> <span class='ocrx_word' id='word_1_88' title='bbox 1400 1827 1445 1906; x_wconf 87' lang='lat' dir='ltr'><em>(ct</em></span> 
     </span>
     <span class='ocr_line' id='line_1_13' title="bbox 309 1926 1445 2011; baseline 0.001 -19"><span class='ocrx_word' id='word_1_89' title='bbox 309 1951 346 1992; x_wconf 91' lang='lat' dir='ltr'><em>oc</em></span> <span class='ocrx_word' id='word_1_90' title='bbox 361 1930 433 2011; x_wconf 83' lang='lat' dir='ltr'><em>qne)</em></span> <span class='ocrx_word' id='word_1_91' title='bbox 458 1933 569 2010; x_wconf 85' lang='lat' dir='ltr'><em>postea</em></span> <span class='ocrx_word' id='word_1_92' title='bbox 590 1926 719 1992; x_wconf 91' lang='lat' dir='ltr'><em>demum</em></span> <span class='ocrx_word' id='word_1_93' title='bbox 743 1947 815 1992; x_wconf 87' lang='lat' dir='ltr'><em>esse</em></span> <span class='ocrx_word' id='word_1_94' title='bbox 837 1926 988 2008; x_wconf 63' lang='lat' dir='ltr'><em>insertam</em></span> <span class='ocrx_word' id='word_1_95' title='bbox 1015 1927 1099 2008; x_wconf 91' lang='lat' dir='ltr'><em>qued</em></span> <span class='ocrx_word' id='word_1_96' title='bbox 1124 1926 1294 2008; x_wconf 78' lang='lat' dir='ltr'><em>curiensi,</em></span> <span class='ocrx_word' id='word_1_97' title='bbox 1321 1948 1358 1993; x_wconf 90' lang='lat' dir='ltr'><em>ee</em></span> <span class='ocrx_word' id='word_1_98' title='bbox 1374 1948 1445 1993; x_wconf 90' lang='lat' dir='ltr'><em>ma-</em></span> 
     </span>
     <span class='ocr_line' id='line_1_14' title="bbox 309 2029 1444 2120; baseline -0.002 -24"><span class='ocrx_word' id='word_1_99' title='bbox 309 2031 360 2114; x_wconf 83' lang='lat' dir='ltr'><em>gis</em></span> <span class='ocrx_word' id='word_1_100' title='bbox 383 2048 481 2120; x_wconf 88' lang='lat' dir='ltr'><em>causa</em></span> <span class='ocrx_word' id='word_1_101' title='bbox 503 2049 575 2096; x_wconf 88' lang='lat' dir='ltr'><em>esse</em></span> <span class='ocrx_word' id='word_1_102' title='bbox 597 2029 774 2110; x_wconf 84' lang='lat' dir='ltr'><em>videbatur,</em></span> <span class='ocrx_word' id='word_1_103' title='bbox 799 2050 862 2112; x_wconf 90' lang='lat' dir='ltr'><em>quo</em></span> <span class='ocrx_word' id='word_1_104' title='bbox 884 2029 1065 2096; x_wconf 88' lang='lat' dir='ltr'><em>accuratius</em></span> <span class='ocrx_word' id='word_1_105' title='bbox 1093 2030 1261 2112; x_wconf 83' lang='lat' dir='ltr'><em>genetivus</em></span> <span class='ocrx_word' id='word_1_106' title='bbox 1291 2029 1444 2096; x_wconf 89' lang='lat' dir='ltr'><em>subiecti-</em></span> 
     </span>
     <span class='ocr_line' id='line_1_15' title="bbox 310 2133 1444 2217; baseline 0 -17"><span class='ocrx_word' id='word_1_107' title='bbox 310 2155 369 2200; x_wconf 88' lang='lat' dir='ltr'><em>vus</em></span> <span class='ocrx_word' id='word_1_108' title='bbox 391 2133 491 2198; x_wconf 84' lang='lat' dir='ltr'><em>animi</em></span> <span class='ocrx_word' id='word_1_109' title='bbox 510 2135 551 2201; x_wconf 90' lang='lat' dir='ltr'><em>ab</em></span> <span class='ocrx_word' id='word_1_110' title='bbox 573 2133 614 2200; x_wconf 89' lang='lat' dir='ltr'><em>iis</em></span> <span class='ocrx_word' id='word_1_111' title='bbox 637 2134 693 2217; x_wconf 91' lang='lat' dir='ltr'><em>qui</em></span> <span class='ocrx_word' id='word_1_112' title='bbox 715 2140 865 2200; x_wconf 89' lang='lat' dir='ltr'><em>secuntur</em></span> <span class='ocrx_word' id='word_1_113' title='bbox 887 2133 1045 2217; x_wconf 86' lang='lat' dir='ltr'><em>genetivis</em></span> <span class='ocrx_word' id='word_1_114' title='bbox 1069 2133 1234 2200; x_wconf 88' lang='lat' dir='ltr'><em>ebicetivis</em></span> <span class='ocrx_word' id='word_1_115' title='bbox 1258 2134 1444 2216; x_wconf 79' lang='lat' dir='ltr'><em>seiungere-</em></span> 
     </span>
     <span class='ocr_line' id='line_1_16' title="bbox 309 2236 1443 2321; baseline -0.001 -18"><span class='ocrx_word' id='word_1_116' title='bbox 309 2245 371 2303; x_wconf 93' lang='lat' dir='ltr'><em>tur.</em></span> <span class='ocrx_word' id='word_1_117' title='bbox 418 2240 487 2304; x_wconf 91' lang='lat' dir='ltr'><em>Hoc</em></span> <span class='ocrx_word' id='word_1_118' title='bbox 516 2243 622 2304; x_wconf 91' lang='lat' dir='ltr'><em>autem</em></span> <span class='ocrx_word' id='word_1_119' title='bbox 651 2236 744 2302; x_wconf 92' lang='lat' dir='ltr'><em>medo</em></span> <span class='ocrx_word' id='word_1_120' title='bbox 773 2237 807 2302; x_wconf 93' lang='lat' dir='ltr'><em>in</em></span> <span class='ocrx_word' id='word_1_121' title='bbox 832 2236 993 2302; x_wconf 85' lang='lat' dir='ltr'><em>Cornificii</em></span> <span class='ocrx_word' id='word_1_122' title='bbox 1021 2236 1110 2302; x_wconf 87' lang='lat' dir='ltr'><em>libris</em></span> <span class='ocrx_word' id='word_1_123' title='bbox 1142 2237 1316 2321; x_wconf 89' lang='lat' dir='ltr'><em>particulas</em></span> <span class='ocrx_word' id='word_1_124' title='bbox 1346 2257 1443 2321; x_wconf 85' lang='lat' dir='ltr'><em>saepe</em></span> 
     </span>
     <span class='ocr_line' id='line_1_17' title="bbox 310 2333 1445 2420; baseline -0.004 -12"><span class='ocrx_word' id='word_1_125' title='bbox 310 2360 382 2408; x_wconf 87' lang='lat' dir='ltr'><em>esse</em></span> <span class='ocrx_word' id='word_1_126' title='bbox 405 2341 534 2406; x_wconf 90' lang='lat' dir='ltr'><em>additas</em></span> <span class='ocrx_word' id='word_1_127' title='bbox 557 2347 705 2406; x_wconf 90' lang='lat' dir='ltr'><em>accurate</em></span> <span class='ocrx_word' id='word_1_128' title='bbox 727 2340 821 2406; x_wconf 90' lang='lat' dir='ltr'><em>docet</em></span> <span class='ocrx_word' id='word_1_129' title='bbox 842 2341 868 2404; x_wconf 94' lang='grc' dir='ltr'><em>Ι.</em></span> <span class='ocrx_word' id='word_1_130' title='bbox 889 2340 1008 2420; x_wconf 85' lang='lat' dir='ltr'><em>Simon,</em></span> <span class='ocrx_word' id='word_1_131' title='bbox 1035 2333 1086 2404; x_wconf 89' lang='lat' dir='ltr'><em>die</em></span> <span class='ocrx_word' id='word_1_132' title='bbox 1109 2342 1209 2405; x_wconf 87' lang='lat' dir='ltr'><em>Hdss.</em></span> <span class='ocrx_word' id='word_1_133' title='bbox 1236 2343 1292 2404; x_wconf 88' lang='lat' dir='ltr'><em>der</em></span> <span class='ocrx_word' id='word_1_134' title='bbox 1312 2341 1377 2404; x_wconf 78' lang='lat' dir='ltr'><em>Re.</em></span> <span class='ocrx_word' id='word_1_135' title='bbox 1403 2363 1445 2403; x_wconf 88' lang='lat' dir='ltr'><em>nn</em></span> 
     </span>
     <span class='ocr_line' id='line_1_18' title="bbox 311 2437 1444 2529; baseline -0.002 -19"><span class='ocrx_word' id='word_1_136' title='bbox 311 2449 393 2510; x_wconf 85' lang='lat' dir='ltr'><em>Her.</em></span> <span class='ocrx_word' id='word_1_137' title='bbox 420 2465 453 2529; x_wconf 87' lang='lat' dir='ltr'><em>p.</em></span> <span class='ocrx_word' id='word_1_138' title='bbox 471 2446 513 2509; x_wconf 88' lang='lat'><em>11.</em></span> <span class='ocrx_word' id='word_1_139' title='bbox 543 2447 637 2509; x_wconf 86' lang='grc'><strong>1864.</strong></span> <span class='ocrx_word' id='word_1_140' title='bbox 676 2443 810 2510; x_wconf 80' lang='lat' dir='ltr'><em>Accedit</em></span> <span class='ocrx_word' id='word_1_141' title='bbox 832 2443 916 2526; x_wconf 92' lang='lat' dir='ltr'><em>qued</em></span> <span class='ocrx_word' id='word_1_142' title='bbox 934 2437 1117 2510; x_wconf 75' lang='grc' dir='ltr'><em>ἀσύνδετον</em></span> <span class='ocrx_word' id='word_1_143' title='bbox 1139 2443 1243 2527; x_wconf 82' lang='lat' dir='ltr'><em>magis</em></span> <span class='ocrx_word' id='word_1_144' title='bbox 1267 2465 1307 2510; x_wconf 84' lang='lat' dir='ltr'><em>ex</em></span> <span class='ocrx_word' id='word_1_145' title='bbox 1330 2450 1444 2509; x_wconf 91' lang='lat' dir='ltr'><em>natura</em></span> 
     </span>
     <span class='ocr_line' id='line_1_19' title="bbox 310 2547 1445 2632; baseline 0 -20"><span class='ocrx_word' id='word_1_146' title='bbox 310 2548 407 2613; x_wconf 86' lang='lat' dir='ltr'><em>totius</em></span> <span class='ocrx_word' id='word_1_147' title='bbox 428 2547 490 2613; x_wconf 89' lang='lat' dir='ltr'><em>leci</em></span> <span class='ocrx_word' id='word_1_148' title='bbox 513 2547 638 2613; x_wconf 90' lang='lat' dir='ltr'><em>videtur</em></span> <span class='ocrx_word' id='word_1_149' title='bbox 660 2567 748 2626; x_wconf 87' lang='lat' dir='ltr'><em>esse;</em></span> <span class='ocrx_word' id='word_1_150' title='bbox 775 2547 815 2612; x_wconf 87' lang='lat' dir='ltr'><em>ci.</em></span> <span class='ocrx_word' id='word_1_151' title='bbox 836 2567 919 2629; x_wconf 87' lang='lat' dir='ltr'><em>quae</em></span> <span class='ocrx_word' id='word_1_152' title='bbox 935 2554 1099 2614; x_wconf 87' lang='lat' dir='ltr'><em>secuntur:</em></span> <span class='ocrx_word' id='word_1_153' title='bbox 1127 2547 1209 2610; x_wconf 89' lang='lat' dir='ltr'><em>cocis</em></span> <span class='ocrx_word' id='word_1_154' title='bbox 1226 2548 1325 2612; x_wconf 87' lang='lat' dir='ltr'><em>cottas</em></span> <span class='ocrx_word' id='word_1_155' title='bbox 1339 2556 1445 2632; x_wconf 82' lang='lat' dir='ltr'><em>pestus</em></span> 
     </span>
     <span class='ocr_line' id='line_1_20' title="bbox 310 2649 1445 2730; baseline 0 -14"><span class='ocrx_word' id='word_1_156' title='bbox 310 2651 498 2730; x_wconf 60' lang='lat' dir='ltr'><em>moderatim</em></span> <span class='ocrx_word' id='word_1_157' title='bbox 535 2650 611 2716; x_wconf 87' lang='lat' dir='ltr'><em>item</em></span> <span class='ocrx_word' id='word_1_158' title='bbox 641 2658 710 2714; x_wconf 89' lang='lat' dir='ltr'><em>orte</em></span> <span class='ocrx_word' id='word_1_159' title='bbox 738 2650 912 2715; x_wconf 84' lang='lat' dir='ltr'><em>imitatione</em></span> <span class='ocrx_word' id='word_1_160' title='bbox 949 2650 1179 2715; x_wconf 78' lang='lat' dir='ltr'><em>coercitatione.</em></span> <span class='ocrx_word' id='word_1_161' title='bbox 1236 2649 1445 2716; x_wconf 89' lang='lat' dir='ltr'><em>Scribendum</em></span> 
     </span>
    </p>
   </div>
   <div class='ocr_carea' id='block_1_5' title="bbox 311 2752 1550 2836">
    <p class='ocr_par' dir='ltr' id='par_1_5' title="bbox 311 2752 1550 2836">
     <span class='ocr_line' id='line_1_21' title="bbox 311 2752 1550 2836; baseline -0.002 -16"><span class='ocrx_word' id='word_1_162' title='bbox 311 2760 360 2820; x_wconf 85' lang='lat' dir='ltr'><em>est</em></span> <span class='ocrx_word' id='word_1_163' title='bbox 382 2753 497 2835; x_wconf 80' lang='lat' dir='ltr'><em>igitur:</em></span> <span class='ocrx_word' id='word_1_164' title='bbox 510 2752 613 2836; x_wconf 83' lang='lat' dir='ltr'><em>firmo</em></span> <span class='ocrx_word' id='word_1_165' title='bbox 636 2752 736 2816; x_wconf 85' lang='lat' dir='ltr'><em>enimi</em></span> <span class='ocrx_word' id='word_1_166' title='bbox 747 2775 852 2817; x_wconf 89' lang='lat' dir='ltr'><em>rernrn</em></span> <span class='ocrx_word' id='word_1_167' title='bbox 868 2754 1032 2817; x_wconf 82' lang='lat' dir='ltr'><em>verboram</em></span> <span class='ocrx_word' id='word_1_168' title='bbox 1046 2752 1259 2836; x_wconf 84' lang='lat' dir='ltr'><em>dispositionis</em></span> <span class='ocrx_word' id='word_1_169' title='bbox 1268 2755 1442 2836; x_wconf 85' lang='lat' dir='ltr'><em>perceptio.</em></span> <span class='ocrx_word' id='word_1_170' title='bbox 1546 2764 1550 2770; x_wconf 88' lang='lat'>&#39;</span> 
     </span>
    </p>
   </div>
   <div class='ocr_carea' id='block_1_6' title="bbox 312 2854 1447 3355">
    <p class='ocr_par' dir='ltr' id='par_1_6' title="bbox 312 2854 1447 3355">
     <span class='ocr_line' id='line_1_22' title="bbox 399 2854 1445 2939; baseline 0.002 -20"><span class='ocrx_word' id='word_1_171' title='bbox 399 2855 502 2920; x_wconf 88' lang='lat' dir='ltr'><em>Simili</em></span> <span class='ocrx_word' id='word_1_172' title='bbox 525 2854 564 2920; x_wconf 90' lang='lat' dir='ltr'><em>de</em></span> <span class='ocrx_word' id='word_1_173' title='bbox 587 2875 686 2920; x_wconf 84' lang='lat' dir='ltr'><em>eausa</em></span> <span class='ocrx_word' id='word_1_174' title='bbox 708 2855 865 2935; x_wconf 79' lang='lat' dir='ltr'><em>Geruli,</em></span> <span class='ocrx_word' id='word_1_175' title='bbox 889 2860 955 2936; x_wconf 76' lang='lat'><strong>1-‚2</strong></span> <span class='ocrx_word' id='word_1_176' title='bbox 985 2856 1040 2920; x_wconf 83' lang='lat' dir='ltr'><em>nbi</em></span> <span class='ocrx_word' id='word_1_177' title='bbox 1061 2857 1099 2919; x_wconf 90' lang='lat' dir='ltr'><em>de</em></span> <span class='ocrx_word' id='word_1_178' title='bbox 1121 2878 1176 2918; x_wconf 81' lang='lat' dir='ltr'><em>sen</em></span> <span class='ocrx_word' id='word_1_179' title='bbox 1197 2856 1346 2939; x_wconf 84' lang='lat' dir='ltr'><em>portibus</em></span> <span class='ocrx_word' id='word_1_180' title='bbox 1372 2880 1445 2921; x_wconf 87' lang='lat' dir='ltr'><em>ora-</em></span> 
     </span>
     <span class='ocr_line' id='line_1_23' title="bbox 314 2958 1447 3044; baseline -0.002 -20"><span class='ocrx_word' id='word_1_181' title='bbox 314 2959 405 3024; x_wconf 90' lang='lat' dir='ltr'><em>tionis</em></span> <span class='ocrx_word' id='word_1_182' title='bbox 429 2958 571 3042; x_wconf 82' lang='lat' dir='ltr'><em>primurn</em></span> <span class='ocrx_word' id='word_1_183' title='bbox 600 2959 734 3023; x_wconf 80' lang='lat' dir='ltr'><em>scribere</em></span> <span class='ocrx_word' id='word_1_184' title='bbox 764 2959 945 3042; x_wconf 85' lang='lat' dir='ltr'><em>incepimus,</em></span> <span class='ocrx_word' id='word_1_185' title='bbox 975 2959 1133 3044; x_wconf 86' lang='lat' dir='ltr'><em>particula</em></span> <span class='ocrx_word' id='word_1_186' title='bbox 1161 2959 1228 3042; x_wconf 83' lang='lat' dir='ltr'><em>ndi,</em></span> <span class='ocrx_word' id='word_1_187' title='bbox 1261 2978 1357 3042; x_wconf 89' lang='lat' dir='ltr'><em>quarn</em></span> <span class='ocrx_word' id='word_1_188' title='bbox 1386 2959 1447 3024; x_wconf 87' lang='lat' dir='ltr'><em>seli</em></span> 
     </span>
     <span class='ocr_line' id='line_1_24' title="bbox 312 3061 1444 3147; baseline -0.001 -19"><span class='ocrx_word' id='word_1_189' title='bbox 312 3062 463 3128; x_wconf 85' lang='lat' dir='ltr'><em>exhibent</em></span> <span class='ocrx_word' id='word_1_190' title='bbox 485 3061 577 3126; x_wconf 91' lang='lat' dir='ltr'><em>codd.</em></span> <span class='ocrx_word' id='word_1_191' title='bbox 597 3070 638 3126; x_wconf 91' lang='lat' dir='ltr'><em>et</em></span> <span class='ocrx_word' id='word_1_192' title='bbox 660 3067 774 3147; x_wconf 90' lang='lat' dir='ltr'><em>postea</em></span> <span class='ocrx_word' id='word_1_193' title='bbox 796 3061 907 3128; x_wconf 86' lang='lat' dir='ltr'><em>addita</em></span> <span class='ocrx_word' id='word_1_194' title='bbox 930 3070 989 3143; x_wconf 87' lang='lat' dir='ltr'><em>cst,</em></span> <span class='ocrx_word' id='word_1_195' title='bbox 1016 3069 1051 3128; x_wconf 89' lang='lat' dir='ltr'><em>ut</em></span> <span class='ocrx_word' id='word_1_196' title='bbox 1074 3062 1174 3128; x_wconf 88' lang='lat' dir='ltr'><em>artius</em></span> <span class='ocrx_word' id='word_1_197' title='bbox 1197 3062 1279 3128; x_wconf 90' lang='lat' dir='ltr'><em>inter</em></span> <span class='ocrx_word' id='word_1_198' title='bbox 1301 3081 1336 3128; x_wconf 86' lang='lat' dir='ltr'><em>se</em></span> <span class='ocrx_word' id='word_1_199' title='bbox 1360 3062 1444 3127; x_wconf 88' lang='lat' dir='ltr'><em>duae</em></span> 
     </span>
     <span class='ocr_line' id='line_1_25' title="bbox 312 3164 1447 3250; baseline -0.003 -18"><span class='ocrx_word' id='word_1_200' title='bbox 312 3165 548 3232; x_wconf 86' lang='lat' dir='ltr'><em>enuntiationes</em></span> <span class='ocrx_word' id='word_1_201' title='bbox 572 3165 850 3249; x_wconf 84' lang='lat' dir='ltr'><em>coniungerentur.</em></span> <span class='ocrx_word' id='word_1_202' title='bbox 898 3166 1141 3233; x_wconf 88' lang='lat' dir='ltr'><em>Restituendum</em></span> <span class='ocrx_word' id='word_1_203' title='bbox 1164 3172 1214 3232; x_wconf 86' lang='lat' dir='ltr'><em>est</em></span> <span class='ocrx_word' id='word_1_204' title='bbox 1241 3165 1339 3250; x_wconf 81' lang='lat' dir='ltr'><em>igitur·</em></span> <span class='ocrx_word' id='word_1_205' title='bbox 1361 3164 1447 3249; x_wconf 92' lang='lat' dir='ltr'><em>qued</em></span> 
     </span>
     <span class='ocr_line' id='line_1_26' title="bbox 313 3269 1447 3355; baseline -0.004 -20"><span class='ocrx_word' id='word_1_206' title='bbox 313 3289 421 3335; x_wconf 88' lang='lat' dir='ltr'><em>omnes</em></span> <span class='ocrx_word' id='word_1_207' title='bbox 444 3276 519 3334; x_wconf 90' lang='lat' dir='ltr'><em>ante</em></span> <span class='ocrx_word' id='word_1_208' title='bbox 541 3270 724 3355; x_wconf 84' lang='lat' dir='ltr'><em>Kayserum</em></span> <span class='ocrx_word' id='word_1_209' title='bbox 747 3271 901 3354; x_wconf 85' lang='lat' dir='ltr'><em>praebent</em></span> <span class='ocrx_word' id='word_1_210' title='bbox 924 3269 1101 3336; x_wconf 87' lang='lat' dir='ltr'><em>editiones:</em></span> <span class='ocrx_word' id='word_1_211' title='bbox 1150 3273 1202 3334; x_wconf 89' lang='lat' dir='ltr'><em>De</em></span> <span class='ocrx_word' id='word_1_212' title='bbox 1224 3293 1278 3334; x_wconf 87' lang='lat' dir='ltr'><em>sec</em></span> <span class='ocrx_word' id='word_1_213' title='bbox 1297 3269 1447 3352; x_wconf 84' lang='lat' dir='ltr'><em>portibus</em></span> 
     </span>
    </p>
   </div>
   <div class='ocr_carea' id='block_1_7' title="bbox 309 3457 1448 4386">
    <p class='ocr_par' dir='ltr' id='par_1_7' title="bbox 309 3457 1448 4216">
     <span class='ocr_line' id='line_1_27' title="bbox 383 3457 1448 3528; baseline -0.002 -16"><span class='ocrx_word' id='word_1_214' title='bbox 383 3460 399 3518; x_wconf 80' lang='lat'><em>¹)</em></span> <span class='ocrx_word' id='word_1_215' title='bbox 422 3457 533 3513; x_wconf 83' lang='lat' dir='ltr'><em>Dixerit</em></span> <span class='ocrx_word' id='word_1_216' title='bbox 550 3458 701 3527; x_wconf 81' lang='lat' dir='ltr'><em>quispiam:</em></span> <span class='ocrx_word' id='word_1_217' title='bbox 722 3459 779 3514; x_wconf 77' lang='lat' dir='ltr'><em>Cur</em></span> <span class='ocrx_word' id='word_1_218' title='bbox 796 3476 852 3514; x_wconf 90' lang='lat' dir='ltr'><em>nen</em></span> <span class='ocrx_word' id='word_1_219' title='bbox 870 3459 977 3528; x_wconf 83' lang='lat' dir='ltr'><em>petius:</em></span> <span class='ocrx_word' id='word_1_220' title='bbox 999 3476 1090 3512; x_wconf 84' lang='lat' dir='ltr'><em>rerum</em></span> <span class='ocrx_word' id='word_1_221' title='bbox 1108 3463 1132 3511; x_wconf 88' lang='lat' dir='ltr'><em>ot</em></span> <span class='ocrx_word' id='word_1_222' title='bbox 1150 3458 1333 3528; x_wconf 84' lang='lat' dir='ltr'><em>dispositionis</em></span> <span class='ocrx_word' id='word_1_223' title='bbox 1351 3463 1376 3512; x_wconf 90' lang='lat' dir='ltr'><em>et</em></span> <span class='ocrx_word' id='word_1_224' title='bbox 1390 3475 1448 3510; x_wconf 84' lang='lat' dir='ltr'><em>vcr-</em></span> 
     </span>
     <span class='ocr_line' id='line_1_28' title="bbox 313 3543 1447 3614; baseline 0 -18"><span class='ocrx_word' id='word_1_225' title='bbox 313 3545 403 3596; x_wconf 83' lang='lat' dir='ltr'><em>bcrurra</em></span> <span class='ocrx_word' id='word_1_226' title='bbox 427 3548 539 3597; x_wconf 88' lang='lat' dir='ltr'><em>servato</em></span> <span class='ocrx_word' id='word_1_227' title='bbox 561 3559 594 3597; x_wconf 90' lang='lat' dir='ltr'><em>ee</em></span> <span class='ocrx_word' id='word_1_228' title='bbox 620 3560 700 3612; x_wconf 91' lang='lat' dir='ltr'><em>quem</em></span> <span class='ocrx_word' id='word_1_229' title='bbox 723 3546 752 3598; x_wconf 92' lang='lat' dir='ltr'><em>in</em></span> <span class='ocrx_word' id='word_1_230' title='bbox 776 3545 812 3599; x_wconf 89' lang='lat' dir='ltr'><em>iis</em></span> <span class='ocrx_word' id='word_1_231' title='bbox 836 3559 906 3614; x_wconf 88' lang='lat' dir='ltr'><em>quae</em></span> <span class='ocrx_word' id='word_1_232' title='bbox 931 3545 1055 3612; x_wconf 87' lang='lat' dir='ltr'><em>proxime</em></span> <span class='ocrx_word' id='word_1_233' title='bbox 1078 3543 1258 3612; x_wconf 89' lang='lat' dir='ltr'><em>praecedunt</em></span> <span class='ocrx_word' id='word_1_234' title='bbox 1271 3544 1362 3597; x_wconf 88' lang='lat' dir='ltr'><em>veluit</em></span> <span class='ocrx_word' id='word_1_235' title='bbox 1385 3559 1447 3597; x_wconf 87' lang='lat' dir='ltr'><em>esse</em></span> 
     </span>
     <span class='ocr_line' id='line_1_29' title="bbox 312 3627 1448 3696; baseline -0.003 -11"><span class='ocrx_word' id='word_1_236' title='bbox 312 3627 479 3685; x_wconf 78' lang='lat' dir='ltr'><em>Cornificius</em></span> <span class='ocrx_word' id='word_1_237' title='bbox 497 3629 602 3694; x_wconf 89' lang='lat' dir='ltr'><em>ordine,</em></span> <span class='ocrx_word' id='word_1_238' title='bbox 624 3645 686 3683; x_wconf 92' lang='lat' dir='ltr'><em>eum</em></span> <span class='ocrx_word' id='word_1_239' title='bbox 702 3648 744 3682; x_wconf 86' lang='lat' dir='ltr'><em>res</em></span> <span class='ocrx_word' id='word_1_240' title='bbox 756 3632 815 3684; x_wconf 87' lang='lat' dir='ltr'><em>sine</em></span> <span class='ocrx_word' id='word_1_241' title='bbox 829 3630 915 3688; x_wconf 89' lang='lat' dir='ltr'><em>dubie</em></span> <span class='ocrx_word' id='word_1_242' title='bbox 927 3631 1086 3696; x_wconf 91' lang='lat' dir='ltr'><em>pertineant</em></span> <span class='ocrx_word' id='word_1_243' title='bbox 1098 3631 1135 3682; x_wconf 89' lang='lat' dir='ltr'><em>ad</em></span> <span class='ocrx_word' id='word_1_244' title='bbox 1149 3629 1346 3693; x_wconf 86' lang='lat' dir='ltr'><em>inventionem,</em></span> <span class='ocrx_word' id='word_1_245' title='bbox 1369 3631 1448 3682; x_wconf 85' lang='lat' dir='ltr'><em>certo</em></span> 
     </span>
     <span class='ocr_line' id='line_1_30' title="bbox 313 3713 1447 3783; baseline -0.003 -13"><span class='ocrx_word' id='word_1_246' title='bbox 313 3716 349 3770; x_wconf 90' lang='lat' dir='ltr'><em>ad</em></span> <span class='ocrx_word' id='word_1_247' title='bbox 368 3715 550 3769; x_wconf 89' lang='lat' dir='ltr'><em>elocutionem</em></span> <span class='ocrx_word' id='word_1_248' title='bbox 558 3719 571 3765; x_wconf 78' lang='lat' dir='ltr'><em>&#39;l</em></span> <span class='ocrx_word' id='word_1_249' title='bbox 607 3713 660 3768; x_wconf 86' lang='lat' dir='ltr'><em>Sed</em></span> <span class='ocrx_word' id='word_1_250' title='bbox 681 3715 765 3770; x_wconf 86' lang='lat' dir='ltr'><em>simili</em></span> <span class='ocrx_word' id='word_1_251' title='bbox 784 3715 866 3769; x_wconf 90' lang='lat' dir='ltr'><em>ruodo</em></span> <span class='ocrx_word' id='word_1_252' title='bbox 885 3731 1036 3769; x_wconf 87' lang='lat' dir='ltr'><em>conversae</em></span> <span class='ocrx_word' id='word_1_253' title='bbox 1055 3715 1278 3770; x_wconf 89' lang='lat' dir='ltr'><em>enumerationes</em></span> <span class='ocrx_word' id='word_1_254' title='bbox 1296 3715 1359 3769; x_wconf 84' lang='lat' dir='ltr'><em>aliis</em></span> <span class='ocrx_word' id='word_1_255' title='bbox 1378 3731 1447 3783; x_wconf 92' lang='lat' dir='ltr'><em>que-</em></span> 
     </span>
     <span class='ocr_line' id='line_1_31' title="bbox 313 3799 1445 3872; baseline -0.003 -16"><span class='ocrx_word' id='word_1_256' title='bbox 313 3817 367 3872; x_wconf 92' lang='lat' dir='ltr'><em>que</em></span> <span class='ocrx_word' id='word_1_257' title='bbox 385 3802 460 3872; x_wconf 89' lang='lat' dir='ltr'><em>apud</em></span> <span class='ocrx_word' id='word_1_258' title='bbox 478 3799 656 3862; x_wconf 77' lang='lat' dir='ltr'><em>Cornificium</em></span> <span class='ocrx_word' id='word_1_259' title='bbox 674 3802 744 3857; x_wconf 85' lang='lat' dir='ltr'><em>locis</em></span> <span class='ocrx_word' id='word_1_260' title='bbox 769 3800 844 3856; x_wconf 87' lang='lat' dir='ltr'><em>haud</em></span> <span class='ocrx_word' id='word_1_261' title='bbox 867 3803 908 3857; x_wconf 90' lang='lat' dir='ltr'><em>ita</em></span> <span class='ocrx_word' id='word_1_262' title='bbox 926 3818 988 3856; x_wconf 85' lang='lat' dir='ltr'><em>raro</em></span> <span class='ocrx_word' id='word_1_263' title='bbox 1011 3803 1156 3870; x_wconf 86' lang='lat' dir='ltr'><em>leguntur:</em></span> <span class='ocrx_word' id='word_1_264' title='bbox 1185 3800 1220 3856; x_wconf 90' lang='lat' dir='ltr'><em>cf.</em></span> <span class='ocrx_word' id='word_1_265' title='bbox 1241 3801 1263 3866; x_wconf 91' lang='lat' dir='ltr'><em>I,</em></span> <span class='ocrx_word' id='word_1_266' title='bbox 1285 3803 1325 3865; x_wconf 85' lang='grc'><strong>16,</strong></span> <span class='ocrx_word' id='word_1_267' title='bbox 1340 3803 1382 3852; x_wconf 81' lang='grc'><em>23.</em></span> <span class='ocrx_word' id='word_1_268' title='bbox 1403 3803 1445 3854; x_wconf 81' lang='grc'><em>24.</em></span> 
     </span>
     <span class='ocr_line' id='line_1_32' title="bbox 313 3886 1448 3957; baseline -0.002 -17"><span class='ocrx_word' id='word_1_269' title='bbox 313 3887 357 3940; x_wconf 84' lang='lat' dir='ltr'><em>Ea</em></span> <span class='ocrx_word' id='word_1_270' title='bbox 381 3886 509 3940; x_wconf 82' lang='lat' dir='ltr'><em>dividitur·</em></span> <span class='ocrx_word' id='word_1_271' title='bbox 532 3887 561 3939; x_wconf 90' lang='lat' dir='ltr'><em>in</em></span> <span class='ocrx_word' id='word_1_272' title='bbox 585 3889 802 3942; x_wconf 81' lang='lat' dir='ltr'><em>necessitudinem</em></span> <span class='ocrx_word' id='word_1_273' title='bbox 819 3891 964 3957; x_wconf 81' lang='lat' dir='ltr'><em>sortururrn</em></span> <span class='ocrx_word' id='word_1_274' title='bbox 988 3888 1209 3957; x_wconf 80' lang='lat' dir='ltr'><em>irnprndcntinrn3</em></span> <span class='ocrx_word' id='word_1_275' title='bbox 1241 3892 1307 3941; x_wconf 90' lang='lat' dir='ltr'><em>tune</em></span> <span class='ocrx_word' id='word_1_276' title='bbox 1329 3887 1448 3955; x_wconf 90' lang='lat' dir='ltr'><em>primum</em></span> 
     </span>
     <span class='ocr_line' id='line_1_33' title="bbox 312 3973 1445 4044; baseline -0.003 -16"><span class='ocrx_word' id='word_1_277' title='bbox 312 3975 382 4029; x_wconf 90' lang='lat' dir='ltr'><em>dicit</em></span> <span class='ocrx_word' id='word_1_278' title='bbox 399 3975 433 4028; x_wconf 92' lang='lat' dir='ltr'><em>de</em></span> <span class='ocrx_word' id='word_1_279' title='bbox 452 3973 673 4039; x_wconf 85' lang='lat' dir='ltr'><em>necessitudine,</em></span> <span class='ocrx_word' id='word_1_280' title='bbox 700 3973 802 4030; x_wconf 90' lang='lat' dir='ltr'><em>deinde</em></span> <span class='ocrx_word' id='word_1_281' title='bbox 821 3975 855 4029; x_wconf 91' lang='lat' dir='ltr'><em>dc</em></span> <span class='ocrx_word' id='word_1_282' title='bbox 874 3974 1075 4044; x_wconf 87' lang='lat' dir='ltr'><em>imprudentia,</em></span> <span class='ocrx_word' id='word_1_283' title='bbox 1097 3979 1238 4041; x_wconf 87' lang='lat' dir='ltr'><em>postremo</em></span> <span class='ocrx_word' id='word_1_284' title='bbox 1262 3974 1297 4026; x_wconf 91' lang='lat' dir='ltr'><em>de</em></span> <span class='ocrx_word' id='word_1_285' title='bbox 1322 3973 1445 4036; x_wconf 62' lang='lat' dir='ltr'><em>tertuum</em></span> 
     </span>
     <span class='ocr_line' id='line_1_34' title="bbox 313 4059 1448 4133; baseline 0.003 -24"><span class='ocrx_word' id='word_1_286' title='bbox 313 4061 338 4122; x_wconf 83' lang='grc'><em>1,</em></span> <span class='ocrx_word' id='word_1_287' title='bbox 353 4061 393 4122; x_wconf 82' lang='grc'><em>11,</em></span> <span class='ocrx_word' id='word_1_288' title='bbox 411 4061 442 4110; x_wconf 83' lang='lat'><em>53</em></span> <span class='ocrx_word' id='word_1_289' title='bbox 461 4077 513 4111; x_wconf 81' lang='lat' dir='ltr'><em>reon</em></span> <span class='ocrx_word' id='word_1_290' title='bbox 531 4059 588 4112; x_wconf 86' lang='lat' dir='ltr'><em>sine</em></span> <span class='ocrx_word' id='word_1_291' title='bbox 605 4059 723 4112; x_wconf 74' lang='lat' dir='ltr'><em>anonimo</em></span> <span class='ocrx_word' id='word_1_292' title='bbox 745 4061 899 4115; x_wconf 83' lang='lat' dir='ltr'><em>occultandi</em></span> <span class='ocrx_word' id='word_1_293' title='bbox 919 4066 943 4114; x_wconf 90' lang='lat' dir='ltr'><em>ct</em></span> <span class='ocrx_word' id='word_1_294' title='bbox 966 4061 1130 4133; x_wconf 74' lang='lat' dir='ltr'><em>perficiundi</em></span> <span class='ocrx_word' id='word_1_295' title='bbox 1144 4077 1204 4128; x_wconf 89' lang='lat' dir='ltr'><em>spe,</em></span> <span class='ocrx_word' id='word_1_296' title='bbox 1230 4059 1278 4112; x_wconf 90' lang='lat' dir='ltr'><em>ubi</em></span> <span class='ocrx_word' id='word_1_297' title='bbox 1301 4064 1448 4125; x_wconf 81' lang='lat' dir='ltr'><em>exspectes</em></span> 
     </span>
     <span class='ocr_line' id='line_1_35' title="bbox 309 4145 930 4216; baseline 0.003 -18"><span class='ocrx_word' id='word_1_298' title='bbox 309 4149 383 4216; x_wconf 86' lang='lat' dir='ltr'><em>pers.</em></span> <span class='ocrx_word' id='word_1_299' title='bbox 404 4151 429 4198; x_wconf 91' lang='lat' dir='ltr'><em>et</em></span> <span class='ocrx_word' id='word_1_300' title='bbox 446 4163 499 4198; x_wconf 90' lang='lat' dir='ltr'><em>cce.</em></span> <span class='ocrx_word' id='word_1_301' title='bbox 523 4145 590 4208; x_wconf 85' lang='lat' dir='ltr'><em>(vid.</em></span> <span class='ocrx_word' id='word_1_302' title='bbox 610 4145 765 4216; x_wconf 77' lang='lat' dir='ltr'><em>Kayterum</em></span> <span class='ocrx_word' id='word_1_303' title='bbox 784 4149 821 4202; x_wconf 78' lang='lat' dir='ltr'><em>ad</em></span> <span class='ocrx_word' id='word_1_304' title='bbox 841 4147 867 4200; x_wconf 92' lang='lat' dir='ltr'><em>h.</em></span> <span class='ocrx_word' id='word_1_305' title='bbox 889 4148 930 4212; x_wconf 91' lang='lat' dir='ltr'><em>l.).</em></span> 
     </span>
    </p>

    <p class='ocr_par' dir='ltr' id='par_1_8' title="bbox 313 4230 1448 4386">
     <span class='ocr_line' id='line_1_36' title="bbox 381 4230 1448 4300; baseline 0.002 -16"><span class='ocrx_word' id='word_1_306' title='bbox 381 4232 400 4296; x_wconf 81' lang='lat'><em>2)</em></span> <span class='ocrx_word' id='word_1_307' title='bbox 425 4231 468 4285; x_wconf 85' lang='lat' dir='ltr'><em>Ex</em></span> <span class='ocrx_word' id='word_1_308' title='bbox 486 4231 609 4298; x_wconf 86' lang='lat' dir='ltr'><em>optimae</em></span> <span class='ocrx_word' id='word_1_309' title='bbox 627 4238 710 4288; x_wconf 87' lang='lat' dir='ltr'><em>notae</em></span> <span class='ocrx_word' id='word_1_310' title='bbox 729 4233 810 4287; x_wconf 90' lang='lat' dir='ltr'><em>codd.</em></span> <span class='ocrx_word' id='word_1_311' title='bbox 830 4231 919 4300; x_wconf 78' lang='lat' dir='ltr'><em>hpn,</em></span> <span class='ocrx_word' id='word_1_312' title='bbox 943 4248 1003 4287; x_wconf 91' lang='lat' dir='ltr'><em>eum</em></span> <span class='ocrx_word' id='word_1_313' title='bbox 1023 4231 1125 4286; x_wconf 88' lang='lat' dir='ltr'><em>sintin</em></span> <span class='ocrx_word' id='word_1_314' title='bbox 1142 4231 1224 4287; x_wconf 88' lang='lat' dir='ltr'><em>initio</em></span> <span class='ocrx_word' id='word_1_315' title='bbox 1243 4230 1383 4296; x_wconf 78' lang='lat' dir='ltr'><em>lacudunt,</em></span> <span class='ocrx_word' id='word_1_316' title='bbox 1404 4245 1448 4286; x_wconf 87' lang='lat' dir='ltr'><em>res</em></span> 
     </span>
     <span class='ocr_line' id='line_1_37' title="bbox 313 4315 584 4386; baseline 0 -16"><span class='ocrx_word' id='word_1_317' title='bbox 313 4315 459 4370; x_wconf 90' lang='lat' dir='ltr'><em>diiudicari</em></span> <span class='ocrx_word' id='word_1_318' title='bbox 477 4315 584 4386; x_wconf 83' lang='lat' dir='ltr'><em>nequit.</em></span> 
     </span>
    </p>
   </div>
   <div class='ocr_carea' id='block_1_8' title="bbox 0 0 1695 5156">
    <p class='ocr_par' dir='ltr' id='par_1_9' title="bbox 0 0 1695 5156">
     <span class='ocr_line' id='line_1_38' title="bbox 0 0 1695 5156; baseline 0 0"><span class='ocrx_word' id='word_1_319' title='bbox 0 0 1695 5156; x_wconf 95' lang='lat' dir='ltr'><em> </em></span> 
     </span>
    </p>
   </div>
  </div>
 </body>
</html>
