3356 5156
638 472 682 480 -
728 436 813 515 [aaa]
859 471 903 480 —
1214 511 1221 522 ι
1295 437 1336 497 97

291 625 314 702 a)
342 623 493 685 Leetrdaa
515 623 610 687 Corn.
628 624 683 700 lv,
702 627 754 702 50,
774 626 815 686 93
838 632 872 685 ut
893 660 937 669 -
959 623 1046 684 domi
1065 624 1175 685 lectuli
1192 631 1338 686 sternua-

206 735 275 792 tur:
307 726 392 790 idem
421 725 508 809 apud
536 727 674 810 optimos
704 726 877 809 scriptores
899 724 1026 807 legitur,
1060 726 1147 790 velut
1169 726 1236 790 Cio.
1262 727 1334 790 Cat.

209 834 234 906 r,
254 834 285 895 4.
304 833 336 890 9.
382 828 437 892 fin.
456 833 487 908 a,
507 832 559 908 ao,
578 832 618 891 97
642 836 703 894 ete.

291 935 312 994 ,r
340 933 489 994 Smolus
510 933 699 997 vocabulum
720 953 741 996 a
762 931 890 995 nornine
915 931 1077 1016 primitivo
1098 932 1145 996 ita
1166 931 1294 996 differre
1317 953 1338 997 a

205 1033 313 1097 multis
335 1041 475 1116 putatur,
505 1041 541 1097 ut
562 1041 617 1098 aut
639 1055 774 1117 paruum
796 1040 853 1098 aut
874 1034 1055 1116 elegantem
1084 1036 1196 1100 autin
1218 1036 1336 1099 malam

203 1143 327 1219 partem
357 1157 495 1218 nequam
518 1158 644 1202 sermm
668 1137 838 1220 significet.
885 1138 932 1200 Ao
960 1143 1095 1220 possunt
1120 1139 1247 1220 quidem
1277 1139 1336 1204 hoo

205 1239 299 1304 modo
314 1241 469 1324 explicari
492 1242 553 1304 loei
575 1240 773 1305 huiusmodi:
807 1241 874 1306 Cio.
893 1242 975 1305 Roso
1002 1241 1073 1304 Anu.
1090 1245 1209 1321 99141
1238 1251 1274 1305 ut
1295 1245 1341 1306 od

204 1345 364 1406 libidinem
385 1367 474 1407 suram
496 1344 603 1407 liberti
622 1346 794 1428 servolique
809 1345 958 1408 nobilium
983 1347 1062 1408 bonu
1076 1381 1120 1390 -
1134 1367 1247 1409 oerore
1258 1370 1335 1428 pos-

203 1457 283 1523 sent,
307 1449 362 1512 ubi
384 1449 585 1532 interpretari
607 1449 683 1512 licet
703 1478 745 1502 =
768 1449 938 1531 contempti
957 1448 1056 1517 serni:
1091 1449 1187 1513 Corn.
1205 1451 1260 1532 lv,
1280 1455 1331 1516 51.

204 1555 244 1614 61
267 1551 388 1614 accedit
409 1553 548 1614 servolus
569 1559 601 1616 et
622 1551 719 1635 paulo
740 1551 825 1616 iufra
840 1553 978 1614 serrolam
996 1575 1058 1614 noa
1072 1552 1246 1616 inurbanus
1273 1554 1336 1638 (ubi

166 1733 171 1738 ἢ
204 1656 343 1717 servolus
365 1685 406 1709 =
430 1656 555 1738 eloquens
576 1658 708 1719 serenet.
756 1655 822 1720 Sed
849 1655 980 1720 minime
1007 1662 1085 1739 apta
1106 1662 1156 1720 est
1184 1659 1263 1722 haee
1285 1659 1337 1722 iu-

205 1759 390 1842 terpretatio
419 1759 452 1821 in
482 1757 663 1822 huiusmodi
692 1758 790 1823 loeis:
829 1758 897 1823 (lio.
910 1757 1049 1835 Quinot.
1068 1763 1098 1824 6,
1118 1763 1159 1821 21
1182 1762 1335 1824 seruolum

204 1885 299 1924 riarum
321 1901 365 1908 -
386 1861 529 1926 aldea-il:
566 1859 626 1925 hoo
654 1862 740 1926 enim
766 1862 836 1926 loeo
858 1861 964 1943 qualis
993 1861 1089 1926 fuerit
1116 1881 1244 1942 servus,
1277 1884 1336 1928 neo

204 1965 302 2028 relert
323 1965 495 2047 quicquam
517 1984 576 2029 neo
599 1963 729 2053 disertis
752 1965 859 2030 verbis
887 1963 1032 2029 additum
1054 1972 1114 2030 est.
1163 1966 1204 2029 Et
1225 1985 1337 2031 revera

205 2067 326 2131 nullum
355 2088 486 2150 prorsus
516 2067 600 2132 inter
628 2067 709 2133 haee
736 2069 799 2132 duo
821 2069 980 2133 voeabula
1000 2068 1199 2134 intercedere
1222 2069 1337 2134 dismi-

205 2190 277 2233 men
299 2171 430 2252 planum
453 2171 489 2234 fit
511 2171 590 2235 loois
609 2170 677 2234 his:
703 2170 807 2234 Plaut.
826 2171 923 2234 Mero.
946 2170 1025 2254 prol.
1043 2174 1114 2235 197.
1134 2173 1214 2235 108:
1240 2174 1337 2234 Modo

206 2295 273 2334 eum
295 2273 411 2354 reliqui
436 2275 626 2354 adportant
653 2273 686 2334 r'n
707 2273 784 2334 nubi
810 2280 843 2335 el
862 2273 1027 2336 amolum.
1074 2275 1141 2337 Sed
1160 2274 1238 2357 quid
1264 2297 1337 2337 ‹urr-

204 2384 323 2436 renlem
344 2396 466 2437 serrum
487 2398 507 2437 α
526 2384 623 2456 portu
645 2374 816 2457 compleor,
841 2375 897 2439 ubi
918 2374 953 2439 in
974 2375 1080 2439 medio
1099 2396 1192 2441 versu
1216 2376 1335 2441 dietum

205 2486 253 2542 est
282 2499 420 2552 servom,
455 2477 490 2540 in
517 2484 670 2557 extreme,
706 2478 782 2560 quia
813 2485 923 2563 aptam
956 2479 1133 2562 praebebat
1158 2480 1335 2545 olansulum

205 2580 385 2658 iambicam,
410 2581 564 2642 servolum
577 2582 616 2661 ¹):
642 2581 719 2645 item
735 2581 843 2645 Alfen.
861 2581 926 2664 dig.
946 2582 1004 2661 IX,
1024 2585 1056 2659 2,
1071 2585 1112 2644 52
1134 2582 1186 2665 §l
1209 2583 1335 2665 praalum

204 2685 360 2747 servicium
381 2683 519 2766 impulit,
543 2706 650 2746 serame
671 2685 801 2759 cecidi&
823 2721 865 2730 -
887 2685 1030 2748 domimus
1051 2685 1170 2748 seruoli
1189 2691 1251 2750 eto.
1281 2685 1332 2768 (ef.

21 2759 23 2848 l
122 2785 127 2792 ’
202 2788 367 2852 Hellmnth
390 2794 454 2851 aot.
480 2787 547 2851 Erl.
566 2789 583 2850 Ι
604 2808 681 2871 pag.
702 2790 788 2870 123).

289 2896 310 2974 rj
343 2891 494 2954 Tasbalta·
514 2891 607 2956 Gom.
631 2891 690 2970 ΙΙΙ,
718 2895 768 2972 20,
790 2894 830 2955 33
861 2892 1018 2954 aesimeles
1046 2890 1197 2955 arietinos
1230 2900 1335 2954 tenen·

205 3003 281 3072 tem,
308 2995 458 3077 exempla
480 2993 601 3077 passim
624 2992 839 3058 inveniuntur.

288 3097 479 3162 Nominibus
502 3119 522 3160 a
544 3097 636 3160 nobis
659 3097 768 3162 allatis
790 3096 871 3161 illud
893 3096 1105 3178 confirmatur,
1130 3096 1216 3178 quod
1235 3117 1337 3182 nuper

124 3283 126 3286 Ι
204 3201 325 3265 monuit
346 3199 551 3266 Woelfflinus
574 3201 595 3263 l.
621 3200 657 3280 l.',
691 3198 896 3265 deminuendi
926 3199 1028 3264 sonna
1054 3199 1200 3284 inprimis
1222 3221 1262 3265 ea
1284 3200 1336 3265 in-

243 3413 246 3420 ’
275 3409 290 3471 ¹)
312 3407 411 3459 lloneo
429 3405 504 3473 apud
522 3398 619 3472 poeta's
637 3406 759 3459 omnious
776 3405 858 3459 huius
870 3405 950 3460 verbi
967 3405 1084 3458 servolus
1096 3403 1200 3459 formas
1211 3405 1336 3476 trisylla-

204 3493 255 3544 bas
273 3493 420 3545 maximam
437 3497 544 3560 partem
563 3498 613 3545 aut
630 3492 659 3544 in
677 3497 801 3546 extremo
818 3507 902 3545 versu
920 3491 976 3560 legi
993 3495 1042 3544 aut
1057 3490 1195 3544 deorrrtari
1209 3490 1334 3564 elisione.

204 3577 235 3628 In
261 3583 385 3630 extremo
403 3578 476 3631 enim
501 3593 585 3631 versu
609 3577 738 3644 leguntur
761 3576 830 3630 loeis
855 3577 913 3630 his:
945 3575 987 3630 Pl.
1007 3575 1094 3630 Stich.
1115 3577 1243 3641 3,1,31;
1270 3576 1333 3630 Ter.

197 3663 279 3714 ‚Anu
303 3665 324 3726 r,
342 3665 364 3724 1,
381 3667 412 3713 so
430 3665 556 3728 servolos
578 3663 620 3716 Pl.
640 3663 721 3731 bapt.
742 3664 768 3724 4,
783 3665 808 3727 a,
827 3665 883 3714 roo.
915 3661 985 3716 cist.
1009 3663 1070 3727 1,9,
1086 3664 1129 3712 aa.
1160 3663 1244 3717 Mero.
1263 3662 1332 3730 prol.

207 3747 373 3810 lbl;'Caec.
393 3747 435 3801 St.
456 3751 505 3800 203
524 3765 588 3818 pag.
604 3752 636 3800 69
652 3749 691 3812 Β,
712 3748 776 3802 Ter.
797 3748 897 3801 Heaut.
918 3750 982 3812 3,2,
1000 3749 1039 3799 19.
1072 3746 1128 3801 Ad.
1148 3750 1174 3812 4,
1189 3750 1213 3813 2,
1228 3750 1260 3799 21
1279 3767 1337 3802 ser-

205 3834 306 3896 volum,
334 3831 398 3885 Cas.
424 3847 482 3900 arg.
504 3837 519 3884 4
543 3836 671 3897 ambolus,
697 3834 764 3887 item
787 3834 872 3887 Poen.
895 3835 1025 3898 5,2,134
1049 3835 1175 3886 servolae.
1213 3833 1336 3888 Eliditm

204 3919 312 3988 syllaba
330 3919 414 3971 tertia
432 3919 500 3973 loeis
519 3919 576 3972 his:
608 3920 650 3972 Pl.
670 3919 755 3972 Poen.
775 3921 889 3980 3‚1‚20
912 3919 1092 3983 seruabam,
1117 3915 1218 3985 Amph.
1240 3921 1264 3984 3,
1280 3921 1334 3984 4,4

202 4007 301 4058 servolo
313 4005 354 4065 iu;
374 4003 439 4057 Ter.
456 4004 555 4057 Heaut.
579 4007 642 4068 1,2,
659 4006 688 4054 11
707 4005 838 4057 servolum
856 4004 906 4067 ad,
927 4003 966 4058 ib.
981 4006 1006 4066 3,
1023 4005 1046 4068 l,
1061 4005 1093 4054 62
1111 4005 1257 4056 seruolum:
1276 4003 1333 4056 etsi.

203 4091 322 4145 Obstant
339 4091 380 4143 Pl.
401 4091 484 4144 llere.
508 4093 550 4141 111
574 4095 603 4142 et
621 4090 692 4144 llen.
712 4092 737 4154 2,
752 4091 777 4154 2,
792 4093 838 4152 aa
865 4105 1030 4158 quamquam
1053 4089 1206 4142 notandum
1224 4089 1335 4145 videtur

204 4179 246 4230 his
264 4193 375 4246 quoquo
400 4179 468 4231 locis
491 4177 593 4231 formas
617 4179 715 4230 servolo
733 4196 782 4230 -os
806 4181 883 4230 certa
906 4176 1025 4245 quadam
1046 4191 1144 4230 versus
1166 4183 1245 4245 parte
1269 4192 1331 4230 esse

136 4251 140 4260 ’
202 4264 308 4330 positas
327 4265 366 4316 ita
384 4268 415 4317 ut
432 4269 551 4333 utroque
569 4265 629 4318 loeo
647 4267 711 4331 post
728 4264 792 4316 illas
809 4267 942 4331 sequatur
960 4261 1102 4316 clausulae
1126 4262 1260 4317 iambicae
1278 4279 1332 4318 nu-

203 4365 294 4402 merus
312 4349 371 4402 hio:
392 4363 444 4408 π
462 4398 495 4404 -
513 4394 528 4409 ,
545 4389 588 4404 -.
